3209 5125
569 481 815 535 EPISTULARUM
832 480 896 533 ΙιΙΒ.
908 480 942 533 Π.
954 480 980 532 2.

326 660 418 704 verna
439 641 610 704 ministeriis
633 644 671 705 ad
693 651 782 705 nutus
804 652 891 723 aptus
914 642 1008 718 eriles,

327 748 464 809 litterulis
489 747 610 811 Graecis
634 748 772 822 imbutus,
798 748 921 810 idoneus
943 749 1000 811 arti

329 854 450 917 cuilibet
472 850 592 936 (argilla
614 853 731 933 quidvis
753 854 917 917 imitaberis
939 852 1031 935 nda);

330 960 401 1040 quin
424 960 512 1022 etiam
536 968 621 1022 sanet
643 960 803 1035 indoctum,
828 963 880 1023 sed
902 962 988 1023 dnloe
1009 959 1132 1023 bibenti.

328 1066 421 1128 multa
442 1068 529 1128 fidem
550 1066 698 1146 promissa
719 1067 829 1141 levant,
852 1067 905 1130 nbi
926 1066 1043 1147 plenius
1065 1086 1159 1146 aequo

328 1171 430 1234 laudat
451 1173 571 1235 venales
595 1172 646 1253 qni
669 1171 732 1235 volt
755 1174 909 1234 extrudere
931 1192 1050 1235 meroes.

327 1298 373 1340 res
395 1287 498 1358 urguet
520 1298 566 1340 me
589 1278 686 1353 nnlla3
710 1298 775 1341 meo
800 1299 865 1340 sum
887 1299 999 1359 pauper
1021 1279 1051 1340 in
1075 1298 1160 1354 aore3

328 1404 414 1447 nemo
437 1385 494 1447 hoo
516 1404 695 1465 mangonum
718 1385 826 1447 faceret
848 1384 922 1461 tibi;
946 1405 1006 1447 non
1029 1394 1137 1447 temere
1158 1406 1178 1448 a
1199 1406 1247 1449 me

329 1490 426 1571 quivis
449 1492 536 1553 ferret
558 1491 644 1553 idem.
680 1492 769 1553 semel
792 1491 842 1554 hio
865 1491 993 1554 cessavit
1016 1500 1054 1566 et,
1078 1501 1112 1554 ut
1132 1494 1175 1567 tit,

328 1598 359 1659 in
383 1598 472 1660 soalis
495 1598 584 1660 latuit
605 1607 737 1661 metuens
760 1598 917 1679 pendentis
938 1594 1100 1660 habenae':

329 1705 380 1765 des
403 1724 547 1779 nummos,
571 1714 695 1785 excepta
717 1705 792 1768 nihil
815 1714 845 1766 te
867 1704 894 1766 si
917 1705 985 1784 luga
1007 1705 1122 1779 laedat3

328 1810 378 1872 ille
400 1812 474 1873 ferat
495 1811 621 1892 pretium
643 1831 755 1893 poenae
778 1832 906 1885 securus,
931 1810 1044 1891 opinor.

328 1918 456 1997 prudens
479 1918 576 1979 emisti
598 1918 754 1995 vitiosum3
778 1920 859 1981 diota
880 1916 936 1980 tibi
958 1917 1022 1979 lex:

329 2022 490 2103 insequeris
512 2032 611 2085 tamen
634 2024 712 2087 huno
735 2033 765 2086 et
786 2025 839 2086 lite
861 2022 985 2085 moraris
1007 2022 1132 2102 iniqua?

330 2128 394 2191 dixi
416 2148 463 2190 me
485 2130 599 2210 pigrum
620 2130 817 2210 proficiscenti
838 2129 904 2203 tibi,
927 2128 991 2190 dixi

328 2235 438 2297 talibus
462 2235 566 2298 officiis
588 2257 679 2317 prope
701 2256 847 2311 maneum,
871 2255 909 2297 ne
931 2254 998 2296 mea
1019 2254 1124 2296 saevus

329 2341 456 2421 iurgares
479 2344 518 2404 ad
540 2351 570 2404 te
593 2345 672 2423 quod
695 2343 822 2424 epistula
844 2341 927 2403 nulla
948 2340 1064 2403 rediret.

330 2448 400 2527 quid
422 2457 486 2510 tum
508 2450 627 2529 profeci,
651 2470 765 2513 mecum
787 2448 927 2512 faoientia
949 2448 1014 2509 iura

331 2554 358 2616 si
379 2563 479 2616 tannen
502 2556 683 2636 attemptas‘l
712 2556 841 2637 quereris
864 2575 951 2635 super
972 2555 1030 2616 hoe
1052 2552 1151 2629 etiam,
1176 2555 1255 2635 quod

330 2670 485 2741 expectata
506 2662 563 2725 tibi
585 2683 646 2724 non
668 2662 785 2725 mittam
808 2660 939 2724 earmina
961 2662 1097 2723 mendax.

373 2873 490 2936 Luculli
513 2875 597 2937 miles
621 2875 745 2938 oolleota
767 2874 878 2936 viatica
900 2873 1001 2935 multis

329 2981 484 3056 aerumnis,
508 2982 603 3044 lassus
627 2984 696 3044 dum
719 2989 809 3044 nootu
832 2980 937 3054 stertit,
961 2981 999 3041 ad
1022 2999 1119 3041 assem

329 3087 510 3166 perdiderat:
534 3097 603 3168 post
624 3089 682 3150 hoo
705 3088 863 3149 vehemens
885 3086 980 3165 lupus,
1005 3095 1035 3148 et
1057 3086 1115 3149 sibi
1138 3095 1168 3147 et
1189 3086 1269 3148 hosti

331 3193 423 3255 iratus
444 3193 562 3273 pariter,
588 3193 694 3256 ieiunis
716 3193 854 3257 dentibus
876 3213 952 3267 aoer,

329 3298 508 3380 praesidium
529 3299 626 3379 regale
649 3300 714 3362 loeo
738 3299 854 3374 deiecit,
878 3308 911 3361 ut
933 3298 1025 3373 aiunt,

330 3425 442 3467 summe
464 3405 578 3468 munito
602 3414 631 3467 et
653 3405 811 3467 multarum
833 3405 926 3466 divite
947 3425 1051 3466 rernm.

330 3512 426 3574 clarus
449 3514 487 3575 ob
510 3511 542 3573 id
564 3513 673 3574 laetum
696 3511 782 3574 donis
807 3519 928 3573 ornatur
948 3511 1092 3585 honestis,

331 3617 439 3698 accipit
461 3628 491 3681 et
512 3619 559 3682 bis
582 3621 659 3682 dena
681 3637 767 3698 snper
790 3618 926 3679 sestertia
947 3637 1107 3679 nummum.

330 3725 404 3786 forte
427 3728 481 3788 sub
505 3726 562 3788 hoo
583 3735 699 3806 tempus
722 3724 876 3787 castellum
899 3733 1028 3784 evertere
1050 3731 1167 3803 praetor

331 3831 430 3893 neseio
455 3834 534 3912 quod
556 3833 676 3912 oupiens
699 3830 812 3894 hortari
835 3830 933 3910 eoepit
955 3830 1080 3891 eundem

331 3937 429 4000 verbis
453 3959 528 4018 qnae
549 3939 653 4002 timido
677 3959 794 4020 quoque
817 3946 940 4018 possent
961 3937 1068 3999 addere
1090 3944 1232 3997 mentem:

326 4040 358 4118 ‘i‚
382 4046 469 4120 bone,
494 4065 551 4125 quo
575 4045 668 4108 virtus
689 4055 742 4108 tua
763 4053 794 4107 te
815 4054 921 4120 vooat3
944 4045 956 4106 i
978 4045 1052 4125 pede
1074 4043 1181 4117 fausto,

287 4271 375 4323 Vnum
393 4287 490 4324 nnorro.
523 4271 556 4324 18
574 4271 621 4324 tibi
638 4270 682 4342 By
700 4271 746 4324 tibi
764 4279 805 4323 est
823 4278 900 4326 ceteri
917 4271 985 4325 tort

1080 4355 1124 4411 ,με
