3209 5125
684 443 715 505 Q.
734 443 868 495 nonnul
884 444 1007 495 ratem

400 606 600 687 Tyrtaeusque
621 625 717 668 mares
739 605 855 668 animos
877 605 909 667 in
931 606 1042 667 Martia
1062 607 1142 669 bella

400 712 533 774 versibus
556 712 681 775 exacuit.
719 713 816 775 diotae
838 731 890 792 per
912 712 1167 788 omnesones,

401 827 431 879 et
452 818 531 880 vitae
553 827 717 881 monstrata
739 820 789 881 vie
810 828 864 893 est,
888 828 918 881 et
940 819 1035 899 gratia
1055 840 1155 901 regum

400 924 505 986 Pieriis
527 934 671 1006 temptata
693 926 798 1000 modis,
823 926 967 1008 ludusque
988 935 1118 1007 repertus

401 1041 431 1093 et
451 1032 605 1112 longorum
629 1052 748 1113 operum
770 1032 853 1094 linis:
877 1052 914 1094 ne
936 1033 1010 1095 forto
1032 1033 1137 1113 pudori

400 1139 440 1199 sit
461 1139 517 1201 tibi
539 1140 627 1201 Musa
648 1139 729 1221 lyrae
751 1139 855 1201 sollers
878 1149 909 1201 et
930 1148 1033 1201 cantor
1055 1138 1176 1219 Apollo.

401 1265 434 1307 os
456 1254 587 1307 tenerum
608 1246 691 1325 pueri
712 1246 892 1328 balbumque
905 1253 1004 1327 'poeta
1024 1247 1143 1326 figuram

402 1361 518 1433 torquet
541 1354 578 1414 ab
603 1353 739 1414 obscenis
763 1353 823 1416 iam
845 1373 923 1415 nunc
946 1352 1131 1415 sermonibus
1152 1371 1261 1426 aurem,

400 1479 471 1521 mox
494 1458 582 1521 etiam
605 1468 706 1539 pectus
729 1460 893 1540 praeceptis
916 1460 1023 1521 format
1044 1459 1158 1533 amicis,

401 1565 568 1645 asperitatis
591 1574 620 1627 et
642 1566 771 1628 invidiae
795 1575 940 1629 corrector
963 1575 992 1627 et
1013 1566 1091 1640 irae3

400 1681 477 1734 recte
500 1673 579 1734 facta
600 1674 695 1747 refert,
721 1673 847 1735 orientia
867 1682 1002 1754 tempora
1024 1673 1103 1735 notis

298 1819 302 1827 -
400 1779 520 1841 instruit
542 1780 699 1860 exemplis3
723 1780 842 1861 inopem
865 1781 978 1843 solatur
999 1789 1030 1842 et
1050 1800 1178 1862 aegrum.

400 1884 490 1948 castis
513 1905 579 1947 cum
602 1886 699 1965 pueris
721 1886 825 1967 ignara
847 1887 945 1968 puella
966 1887 1065 1949 mariti

401 1991 526 2055 disceret
546 1993 625 2054 unde
647 2013 756 2073 preces,
781 2003 879 2056 vatem
901 1994 934 2054 ni
955 1995 1044 2055 Musa
1065 1991 1215 2055 dedisset?

399 2098 496 2179 poscit
518 2118 603 2179 opem
627 2100 733 2162 chorus
756 2109 785 2161 et
807 2100 975 2180 praeseutia
996 2099 1118 2161 numina
1140 2098 1239 2173 sentit,

400 2205 534 2267 caelestis
557 2205 696 2286 implorat
718 2226 821 2289 aquas,
846 2208 934 2269 docta
954 2225 1040 2286 prece
1062 2205 1189 2268 blandus

400 2312 507 2373 avertit
530 2315 658 2387 morbos,
682 2315 839 2376 metuenda
860 2312 990 2393 pericula
1011 2312 1105 2393 pellit,

400 2416 537 2497 impetrat
560 2427 589 2479 et
611 2439 713 2498 pacem
737 2429 766 2481 et
788 2419 965 2499 locupletem
988 2418 1118 2500 frugibus
1141 2437 1266 2480 annunt

365 2540 369 2549 ’
400 2524 528 2587 carmine
551 2525 581 2588 di
605 2526 702 2607 superi
724 2526 888 2607 placantur,
912 2524 1041 2589 carmine
1063 2544 1174 2588 manes.

444 2772 603 2853 Agricolae
625 2774 723 2853 prisci,
747 2775 837 2835 fortes
860 2794 1009 2856 parvoque
1032 2775 1121 2849 beati,

401 2879 521 2940 condita
543 2889 611 2959 post
633 2881 778 2942 flumenta
801 2881 933 2943 levantes
955 2889 1087 2961 tempore
1109 2882 1183 2942 festo

400 3005 506 3066 corpus
529 2995 558 3047 et
580 2987 677 3067 ipsum
699 2987 830 3049 animum
853 3007 905 3067 spe
927 2987 994 3049 finis
1017 2990 1090 3049 dura
1111 2988 1250 3048 ferentem

400 3113 465 3155 cum
489 3093 577 3155 sociis
602 3113 720 3174 operum
743 3094 840 3174 pueris
864 3103 893 3155 et
916 3094 1038 3175 coniuge
1060 3095 1128 3167 fida,

399 3199 545 3261 Tellurem
567 3220 666 3281 porco,
692 3201 849 3264 Silvanum
872 3202 948 3264 lacte
970 3201 1103 3281 piabant,

399 3306 520 3369 floribus
544 3316 574 3368 et
595 3307 665 3368 vino
690 3308 820 3370 Genium
842 3327 1000 3370 memorem
1021 3307 1121 3369 brevis
1143 3305 1218 3368 aevi.

399 3411 584 3474 Fescennina
605 3433 657 3494 per
678 3414 756 3476 hunc
779 3414 897 3477 invecta
917 3413 1039 3476 licentia
1061 3433 1173 3475 morem

398 3671 545 3728 concubitu
562 3673 705 3745 prohibere
724 3690 804 3745 vago,
824 3675 889 3730 dare
907 3675 1097 3743 iuramentis,

399 3761 501 3831 oppida
518 3762 614 3832 moliri,
632 3763 708 3832 leges
726 3764 847 3820 incidero
863 3764 951 3834 ligno:

399 3849 439 3905 sic
457 3849 543 3905 honor
561 3856 589 3905 et
606 3866 705 3906 nomen
723 3852 823 3908 divinis
841 3852 951 3907 vatibus
969 3857 1052 3922 atquo

399 3937 564 3993 carminibus
582 3940 666 3994 venit.

359 4167 442 4218 Vama
455 4183 551 4220 oacrio.
591 4169 639 4220 169
657 4171 757 4220 inuecto
770 4170 834 4222 Fece
851 4170 915 4223 liber
932 4171 1037 4240 quidam
1056 4191 1087 4223 m.
1101 4172 1121 4234 1,
1141 4172 1285 4224 Potitiorum
1301 4171 1405 4221 inuento

289 4261 366 4310 ceteri
383 4254 451 4308 libri.
