3209 5125
600 439 846 491 quuvnAnvm
863 440 928 491 LIB.
940 442 960 492 1.
973 442 997 493 2.

331 601 408 662 huno
430 621 522 675 amor,
546 601 590 663 ira
613 600 730 683 quidem
754 603 948 665 communiter
969 603 1028 665 urit
1049 614 1213 689 utrumque.

332 707 474 789 quidquid
497 708 624 769 delirant
645 727 737 787 reges,
760 708 930 789 plectuntur
950 709 1069 773 Achivi.

331 812 484 889 seditione,
509 814 595 888 dolis,
621 812 729 875 scelere
751 824 841 898 atque
863 815 987 878 libidine
1009 826 1039 877 et
1060 818 1105 879 ira

330 918 437 981 Iliacos
460 920 539 982 intra
560 938 659 982 muros
681 930 819 1000 peccatm
841 931 871 983 et
893 930 984 984 oxma

376 1131 504 1194 Rursum
528 1132 599 1215 quid
621 1132 713 1195 virtus
737 1142 766 1194 et
790 1134 861 1215 quid
883 1133 1031 1214 sapientia
1052 1135 1157 1215 possit,

331 1237 403 1301 utile
425 1238 579 1318 proposuit
602 1239 689 1301 nobis
712 1239 862 1319 exemplar
884 1240 1005 1315 Ulixen,
1080 1225 1082 1230 ¹

332 1344 383 1426 qui
404 1344 532 1407 domitor
554 1346 661 1407 Troiae
683 1345 841 1409 multorum
863 1347 1005 1426 providus
1025 1350 1114 1411 urbes

332 1460 361 1512 et
383 1471 478 1514 mores
501 1452 654 1514 hominum
676 1452 816 1533 inspexit,
839 1453 989 1537 latumque
1010 1472 1063 1534 per
1084 1473 1203 1537 aequor,

331 1560 400 1620 dum
423 1558 490 1634 sibi,
515 1560 585 1621 dum
607 1558 696 1621 sociis
718 1559 844 1621 reditum
866 1570 960 1639 parat,
983 1580 1088 1641 aspera
1109 1561 1203 1624 multa

331 1665 459 1745 pertulit,
482 1666 613 1727 adversis
635 1685 730 1727 rerum
753 1666 950 1729 inmersabilis
973 1668 1069 1729 undis.

332 1772 468 1836 Sirenum
491 1792 579 1835 vocas
602 1783 632 1834 et
656 1772 757 1835 Circae
780 1773 887 1854 pocula
909 1773 1004 1835 nosti:

331 1898 406 1961 quae
429 1878 455 1939 si
478 1900 544 1941 cum
566 1879 656 1941 sociis
679 1878 786 1941 stultus
809 1880 989 1962 cupidusque
1010 1880 1144 1957 bibisset,

331 1986 385 2047 sub
409 1986 530 2047 domine
553 1985 703 2047 meretrice
727 1985 831 2047 fuisset
853 1987 947 2066 turpis
970 1996 1000 2048 et
1023 2004 1135 2062 excors,

331 2091 456 2153 vixisset
479 2092 561 2153 canis
584 2092 741 2153 inmundus
765 2092 812 2154 vel
835 2091 932 2154 amica
954 2094 1016 2155 luto
1039 2112 1102 2155 ens.-

374 2304 439 2367 Nos
462 2322 599 2365 numerus
623 2324 724 2365 sumus
747 2313 777 2365 et
799 2306 894 2385 fruges
917 2324 1087 2368 consumere
1110 2306 1183 2381 nati,

330 2411 432 2491 sponsi
454 2410 631 2491 Penelopae,
656 2410 827 2485 nebulones,
850 2410 1030 2494 Alcinoique

330 2519 361 2581 in
384 2528 450 2582 oute
472 2520 602 2582 curanda
624 2517 690 2599 plns
713 2537 808 2600 aequo
832 2527 952 2598 operata
974 2518 1119 2593 inventus,

331 2627 378 2690 oni
400 2625 553 2707 pulchrum
576 2624 631 2688 luit
653 2626 684 2688 in
707 2625 822 2688 medios
844 2625 971 2688 dormire
993 2625 1056 2687 dies
1078 2635 1108 2687 ct

330 2735 369 2797 nd
391 2731 545 2814 strepitum
568 2732 697 2795 citharae
721 2742 886 2796 cessantem
908 2735 1014 2794 ducere
1035 2751 1180 2796 somnum.

330 2849 363 2902 ut
386 2839 517 2920 iugulent
538 2839 697 2914 hominem,
720 2849 843 2920 smgunt
864 2841 902 2902 de
924 2848 1011 2901 nocte
1033 2838 1177 2902 latrones:

330 2955 363 3008 ut
385 2955 415 3008 te
437 2946 534 3027 ipsum
557 2967 663 3022 serves,
687 2966 748 3008 non
771 2945 1000 3027 expergisceris?
1022 2945 1106 3028 atqui

331 3053 357 3116 si
380 3052 464 3115 noles
487 3072 586 3128 sanus,
610 3073 706 3116 curres
729 3053 924 3136 hydropicus;
949 3060 979 3113 et
1000 3053 1032 3114 ni

331 3179 434 3242 posces
457 3169 525 3222 ante
548 3160 626 3222 diem
648 3160 755 3223 librom
778 3181 844 3223 cum
867 3160 987 3234 lumine,
1011 3159 1121 3220 sinon

331 3267 466 3329 intendes
489 3266 619 3328 animum
642 3267 747 3328 studiis
770 3277 800 3329 ot
822 3269 909 3329 rebus
931 3265 1074 3340 honestis,

331 3373 444 3435 invidia
466 3373 514 3434 vel
536 3388 636 3434 amore
658 3373 730 3453 vigil
752 3375 934 3455 torquebere.
969 3391 1039 3435 nam
1061 3392 1113 3434 cur

332 3499 406 3563 quae
428 3481 549 3542 laedunt
572 3478 688 3541 oculum
710 3480 833 3542 festinas
856 3482 980 3553 demere,
1004 3479 1030 3540 si
1054 3478 1125 3560 quid

331 3597 377 3649 est
398 3587 538 3660 animum,
562 3586 660 3648 differs
683 3587 804 3650 curandi
826 3597 942 3666 tempus
964 3586 995 3647 in
1018 3586 1149 3648 annum?

330 3694 484 3756 dimidimn
505 3694 576 3756 facti
599 3693 649 3775 qui
672 3693 770 3775 coepit
791 3694 895 3756 habet:
919 3712 1021 3773 sapere
1043 3694 1128 3766 ande,

330 3801 435 3882 incipe.
472 3801 522 3883 qui
544 3810 622 3862 recte
644 3800 764 3862 vivendi
787 3809 926 3880 prorogat
946 3800 1059 3874 horam,

330 3907 456 3970 rusticus
479 3916 616 3988 expectat
637 3909 706 3968 dum
729 3907 838 3968 defluat
859 3907 970 3969 amnis:
994 3915 1026 3967 at
1049 3905 1100 3966 ille

330 4014 439 4077 labitur
461 4023 490 4075 et
512 4014 627 4076 labetur
649 4013 680 4074 in
704 4033 790 4076 omne
812 4013 952 4076 volubilis
974 4033 1087 4075 aevum.

311 4241 395 4292 Vasta
412 4257 509 4292 uncum.
545 4239 576 4290 3]
598 4249 739 4292 cessantem
756 4241 887 4296 Beothius
904 4249 1029 4296 cessatum
1045 4240 1113 4296 libri.
