3209 5125
542 417 787 469 unsuvunltvm
805 418 903 471 nutu
919 419 959 471 16.

282 578 362 640 dicat
384 588 414 640 et
436 581 483 641 his
506 582 604 643 verbis
627 601 736 643 vacuas
758 581 940 661 permulceat
960 603 1044 644 aures

276 678 357 746 ‘tene
379 686 474 767 magis
496 688 611 750 salvum
633 687 760 768 populus
783 687 857 749 velit
878 708 918 749 au
940 690 1082 768 populum
1104 699 1145 765 tu,

282 800 378 853 servet
399 793 431 853 iu
454 794 591 875 ambiguo
617 794 668 876 qui
691 793 819 856 consulit
841 803 872 856 et
892 781 950 857 tibi
972 804 1003 857 et
1024 795 1090 859 urbi

281 892 433 979 Iuppiter’,
457 900 586 981 Augusti
609 900 710 963 laudas
733 918 892 980 agnoscere
912 902 1025 981 possis:

283 1025 348 1067 cum
370 1007 481 1086 pateris
503 1009 621 1088 sapiens
644 1008 875 1089 emendatusque
896 990 1007 1082 vocari,

282 1114 480 1193 respondesne
502 1123 564 1189 tue,
587 1115 635 1177 dic
658 1115 755 1189 sodes,
779 1114 921 1175 nomine?
939 1108 1057 1194 ‘nempe

282 1219 445 1282 virbonus
469 1229 498 1281 et
519 1222 647 1301 prudeus
670 1220 730 1282 dici
753 1220 884 1283 delector
904 1240 958 1301 ego
981 1240 1017 1283 ac
1038 1218 1094 1284 tu.²

284 1326 334 1408 qui
357 1326 438 1389 dedit
460 1327 517 1389 hoc
539 1328 637 1402 hodie,
661 1346 735 1403 cras,
759 1327 786 1389 si
801 1326 890 1401 volet,
914 1328 1036 1403 auferet,
1060 1337 1103 1404 ut,
1127 1329 1154 1391 si

283 1432 421 1495 detulerit
442 1434 531 1495 fascis
554 1433 685 1515 indiguo,
710 1434 845 1497 detrahet
865 1434 952 1495 idem.

276 1532 377 1621 ‘pone‚
400 1559 498 1601 meum
521 1536 578 1601 est’
601 1540 713 1622 iuquit:
737 1560 817 1621 pono
839 1540 992 1621 mistisque
1013 1542 1127 1603 recedo.

283 1647 360 1708 idem
384 1645 409 1706 si
433 1647 540 1709 elamet
561 1648 662 1722 furem
686 1657 772 1728 neget
794 1667 860 1709 esse
881 1647 1029 1729 pudicum,

284 1754 444 1815 contendat
466 1753 571 1836 laqueo
595 1754 704 1816 collum
726 1755 870 1835 pressisse
891 1764 1056 1835 paternum,

283 1861 417 1921 mordear
439 1859 605 1941 opprobriis
627 1860 712 1923 salsis
734 1870 903 1944 mutemque
925 1862 1058 1923 colores?

283 1966 375 2027 falsus
398 1967 494 2028 honor
516 1967 599 2029 iuvat
621 1976 652 2029 et
673 1969 802 2030 mendax
824 1967 948 2030 iufamia
968 1977 1058 2030 terret

279 2093 369 2155 quem
385 2073 444 2134 nisi
458 2075 632 2136 mendosum
647 2082 677 2135 et
691 2074 919 2137 medicandum?
943 2074 991 2136 vir
1003 2076 1101 2137 bouus
1116 2074 1263 2155 estquis?

277 2180 341 2262 tqui
364 2180 499 2242 consulta
521 2188 647 2259 patrum,
673 2180 729 2263 qui
747 2181 826 2261 leges
849 2181 971 2263 iuraque
993 2190 1101 2256 servat

284 2306 341 2368 quo
364 2287 474 2348 multae
497 2306 679 2369 magnaeque
701 2296 839 2351 secantur
860 2287 957 2349 iudice
978 2287 1056 2362 lites,

284 2413 342 2475 quo
365 2412 412 2455 res
435 2412 577 2474 sponsore
600 2402 630 2455 et
653 2415 710 2476 quo
734 2414 841 2457 causae
862 2403 939 2456 teste
960 2390 1122 2456 tenentur?

283 2502 335 2562 sed
357 2500 439 2564 videt
460 2502 540 2564 hunc
562 2500 659 2565 omnis
681 2502 786 2563 domus
809 2511 840 2564 et
862 2501 973 2566 vicinia
992 2510 1058 2565 tota

283 2608 427 2670 introrsus
449 2618 573 2690 turpem,
598 2608 763 2689 speciosum
785 2610 863 2689 pelle
886 2610 1001 2671 deeora.

283 2714 456 2791 virbonus,
480 2735 567 2778 omne
589 2717 685 2778 sorum
709 2733 795 2797 quem
819 2725 935 2797 spectat
956 2725 987 2777 et
1008 2735 1096 2778 omne
1117 2715 1258 2791 tribuual,

284 2825 527 2905 quandocumque
550 2825 621 2885 deos
644 2823 691 2884 vel
714 2842 804 2903 porco
826 2823 876 2884 vel
897 2824 975 2885 bove
996 2823 1106 2903 placat

240 2950 246 2962 ·
278 2924 362 2991 ‘Iane
384 2927 479 3011 pater²
504 2930 590 3004 clare,
615 2930 693 2992 clare
717 2949 783 2992 oum
806 2929 884 2992 dixit
897 2925 1050 3009 ‘Apollo'‚

283 3038 367 3100 labra
389 3044 489 3100 movet
509 3046 644 3099 metuens
666 3037 761 3100 audiri
777 3030 915 3117 ‘pulchra
934 3037 1081 3111 Lauerna,

284 3146 322 3206 da
344 3142 417 3206 mihi
439 3144 549 3219 fallere,
574 3146 613 3206 da
634 3144 712 3206 iusto
736 3153 899 3225 sanctoque
920 3143 1030 3218 videri3

284 3259 402 3313 noctem
423 3251 553 3331 peccetis
576 3259 606 3312 et
627 3251 779 3314 fraudibus
801 3251 887 3313 obice
908 3246 1039 3313 nubem?

277 3355 346 3419 ‘nec
367 3357 475 3419 furtum
498 3357 554 3419 ieci
576 3376 631 3419 nec
653 3354 722 3438 fugi'
744 3357 770 3418 si
792 3357 867 3418 mihi
889 3357 963 3419 dicit

285 3483 395 3539 servus,
412 3459 518 3527 ‘habes
540 3464 675 3544 pretium,
699 3464 770 3525 loris
793 3482 855 3525 nou
877 3460 983 3525 ureris'
1005 3464 1062 3525 sio.

276 3565 351 3633 ‘uon
373 3571 523 3633 homiuem
547 3566 664 3634 oceidi’:
698 3589 759 3632 non
781 3589 887 3650 pasces
908 3570 940 3631 in
964 3589 1048 3632 cruce
1070 3589 1184 3632 corvos.

277 3675 356 3740 ‘sum
378 3679 474 3740 bouus
497 3686 527 3739 et
549 3674 646 3758 frugi':
680 3675 778 3738 renuit
799 3676 969 3758 negitatque
992 3677 1138 3740 Sabellus.

286 3787 410 3846 oderunt
431 3804 551 3865 peccare
572 3785 646 3848 boni
671 3784 788 3848 virtmis
811 3803 925 3845 amore:

285 3901 318 3954 tu
340 3891 415 3953 nihil
437 3891 575 3953 admittes
598 3890 629 3952 iu
651 3899 681 3952 te
704 3890 861 3952 formidine
883 3909 1004 3970 poenae.

284 3999 323 4060 sit
346 4018 413 4079 spes
434 3997 565 4072 fallendi,
589 3997 726 4060 miscebis
749 4017 834 4060 sacra
854 3996 995 4077 profanis.

284 4239 346 4278 nam
366 4223 400 4277 de
419 4222 492 4276 mille
509 4220 589 4276 sabae
608 4221 707 4277 modiis
725 4237 787 4276 cum
806 4222 919 4292 surripis
936 4236 1030 4291 unum,
