3209 5125
692 447 723 509 Q.
741 446 875 499 nostrl
891 447 1014 499 FLAOOI

380 630 440 672 non
464 618 509 671 est
532 610 583 692 qni
605 616 726 671 traam:
750 609 809 671 scis
833 628 891 690 quo
914 608 1043 671 clamore
1066 628 1194 671 coronae

380 716 493 797 proelia
515 716 661 777 sustineas
684 715 877 795 campestria3
902 714 1028 796 denique
1051 736 1171 779 saevam

380 822 517 885 militiam
540 842 611 902 puer
633 830 663 883 et
687 821 866 885 Cantabrica
888 822 968 884 bella
989 822 1085 884 tulisti

381 932 435 991 sub
459 930 540 1002 duce,
565 928 616 1009 qui
638 929 756 1008 templis
779 928 956 991 Parthomm
978 929 1064 1010 signa
1084 930 1180 1011 refigit

382 1056 469 1110 nunc,
494 1044 524 1096 et
546 1034 644 1117 siquid
666 1038 752 1097 abest
773 1036 859 1098 Italis
881 1035 1035 1097 adiudicat·
1052 1036 1151 1098 armis.

382 1164 418 1205 ac
440 1162 478 1203 ne
500 1151 530 1203 te
552 1143 684 1205 retrahas
707 1151 736 1203 et
758 1142 970 1205 inexcusabilis
992 1143 1082 1217 absis,

384 1248 518 1332 quamvis
541 1248 584 1310 nil
607 1257 691 1311 extra
713 1268 866 1311 numerum
887 1249 991 1312 imissa
1014 1251 1190 1331 modumque

384 1376 476 1430 curas,
501 1355 647 1418 interdum
669 1356 787 1436 nugaris
809 1349 876 1419 rure
898 1365 1035 1438 paterno:

382 1463 509 1544 partitur
531 1462 634 1524 lintres
657 1461 811 1538 exercitus,
836 1464 929 1526 Actia
950 1482 1050 1544 pugna

381 1579 412 1632 te
434 1572 507 1633 duce
529 1589 581 1649 per
603 1588 708 1649 pueros
731 1569 834 1632 hostili
857 1590 938 1633 more
957 1571 1094 1645 refertur3

382 1676 567 1739 adversarius
590 1685 635 1738 est
656 1678 753 1751 frater,
777 1677 860 1738 lacus
881 1677 1005 1751 Hadria,
1029 1677 1125 1738 donec

383 1785 553 1847 alterutrum
576 1782 665 1845 velox
686 1782 824 1845 Victoria
845 1784 948 1864 fronde
971 1791 1100 1845 coronet.

383 1890 549 1953 consentire
572 1888 633 1951 suis
656 1889 762 1952 studiis
786 1889 837 1971 qui
859 1889 1015 1952 crediderit
1036 1898 1076 1964 te,

383 1998 480 2060 fautor
502 2005 625 2078 utroque
648 2005 730 2058 tuum
752 1996 888 2059 laudabit
909 1997 1018 2078 pollice
1039 1997 1149 2059 ludum.

427 2210 567 2272 Protinus
589 2218 622 2271 ut
644 2228 779 2272 moneam
803 2207 917 2291 (siquid
940 2208 1096 2273 monitoris
1118 2227 1185 2289 eges
1207 2204 1266 2290 tn),

383 2337 444 2378 non
467 2316 576 2379 ancilla
597 2325 680 2379 tuum
702 2316 781 2378 iecur
803 2316 913 2378 ulceret
934 2316 996 2377 nlla
1018 2334 1126 2395 puerve

384 2424 463 2485 intra
484 2442 678 2485 marmoreum
700 2422 861 2484 venerandi
882 2421 974 2484 limen
996 2422 1094 2496 amici,

383 2549 421 2591 ne
443 2529 579 2592 dominus
602 2528 684 2610 pueri
705 2525 821 2610 pulchri
843 2549 965 2592 caraeve
986 2529 1103 2611 puellae

384 2657 503 2700 munere
524 2646 554 2698 te
575 2657 667 2718 parvo
689 2639 758 2700 beet
780 2645 837 2700 ant.
853 2637 1058 2699 incommodus
1080 2643 1178 2716 angat

386 2763 524 2806 arcanum
546 2763 641 2825 neque
663 2752 697 2805 tu
719 2743 897 2806 scrutaberis
919 2743 1000 2804 illius
1022 2762 1171 2824 nmquam,

385 2850 631 2932 commissumque
652 2858 732 2929 teges
755 2858 785 2911 et
807 2851 877 2912 vino
900 2859 995 2913 tortus
1018 2858 1048 2911 et
1069 2849 1122 2911 ira.

386 2958 515 3040 quidde
539 2977 655 3039 quoque
676 2957 739 3019 viro
764 2966 793 3019 et
816 2957 864 3018 cni
886 2957 978 3032 dicas,
1002 2975 1090 3036 saepe
1112 2956 1228 3031 videt03

384 3072 618 3146 percontatorem
641 3063 748 3144 fugito:
772 3081 842 3125 nam
864 3064 996 3144 garrulus
1018 3063 1098 3125 idem
1120 3072 1174 3139 est,

386 3191 440 3232 nec
461 3171 590 3233 retinent
610 3170 728 3250 patulae
751 3167 910 3232 commissa
932 3170 1056 3232 fideliter
1078 3189 1172 3244 aures,

277 3264 280 3270 ¹
387 3286 416 3339 et
438 3277 529 3339 semel
551 3276 689 3338 emissum
711 3276 794 3339 volat
815 3276 1015 3340 inrevocabile
1037 3279 1168 3340 verbum.

432 3487 556 3558 Qualem
580 3491 776 3551 commendes
789 3486 878 3550 etiam
900 3497 990 3571 atque
1013 3488 1102 3550 etiam
1124 3487 1233 3567 aspice,
1257 3505 1295 3547 ne
1316 3506 1388 3548 mox

386 3596 532 3658 incutiant
553 3596 651 3658 aliena
672 3595 729 3658 tibi
751 3604 875 3676 peccata
896 3597 1045 3676 pudorem.

386 3704 515 3766 fallimur
537 3711 567 3765 et
589 3703 738 3784 quondam
760 3721 822 3764 non
844 3702 964 3783 dignum
986 3701 1143 3764 tradimus:
1167 3719 1234 3780 ergo

389 3831 476 3893 quem
498 3830 551 3872 sua
573 3810 660 3891 culpa
681 3818 802 3890 premet,
831 3811 969 3889 deceptus
992 3808 1095 3871 omitte
1117 3807 1202 3883 tueri,

387 3926 420 3980 nt
441 3917 557 3999 penitus
580 3925 683 3979 notum
706 3916 732 3977 si
753 3923 899 3996 temptent
921 3915 1052 3990 crimina,
1076 3933 1174 3977 serves

387 4023 549 4106 tuterisque
570 4032 621 4086 tuo
644 4025 781 4086 fidentem
803 4021 965 4103 praesidio:
993 4021 1044 4104 qni

388 4133 475 4194 dente
498 4131 651 4194 Theonino
675 4149 741 4192 cum
763 4129 993 4203 circumditur,
1017 4127 1123 4210 ecquid

388 4239 428 4300 ad
449 4246 479 4298 te
499 4245 569 4317 post
589 4236 689 4317 paullo
713 4251 837 4298 ventura
858 4234 989 4316 pericula
1010 4232 1122 4295 sentis?
