3209 5125
644 410 675 473 Q.
693 410 826 463 uouurl
843 410 964 462 FLACCI

356 572 395 633 sit
417 572 524 633 Medea
546 573 628 633 ferox
651 572 829 655 invictaque,
853 572 960 634 flebilis
982 572 1047 645 Ino,

354 679 480 757 perfidus
503 678 600 754 Ixion,
624 680 658 741 Io
682 699 765 760 vaga,
789 678 883 740 tristis
907 678 1035 740 Orestes.

356 783 454 866 siquid
476 785 661 866 inexpertum
684 802 809 849 scaenae
832 784 992 847 committis
1016 792 1046 845 et
1068 784 1158 843 audes

354 911 510 972 personam
533 894 657 955 formare
681 913 798 967 novam,
824 900 955 953 servetur
977 892 1015 951 ad
1038 889 1129 951 imum

356 998 451 1080 qualis
474 1001 512 1061 ab
535 999 652 1080 incepto
676 1000 859 1081 processerit,
883 1008 913 1060 et
934 997 993 1060 sibi
1015 1005 1140 1058 constet,

398 1210 527 1273 Difficile
543 1182 595 1273 ⁸est
616 1214 733 1294 proprie
757 1212 924 1275 eommunia
946 1210 1051 1285 dicere,
1077 1255 1133 1271 ...

356 1364 1011 1381 .............
1067 1324 1158 1397 tuque

355 1424 462 1485 rectius
484 1425 608 1487 Iliacum
631 1446 746 1488 carmen
771 1424 891 1488 deducis
914 1424 945 1484 in
968 1432 1060 1497 actus,

357 1550 444 1611 quam
468 1531 493 1591 si
516 1532 658 1611 proferres
682 1532 784 1611 ignota
806 1532 975 1611 indictaque
997 1529 1117 1610 primus.

355 1636 474 1716 publica
496 1638 632 1699 materies
654 1638 764 1718 privati
787 1638 858 1699 iuris
882 1637 945 1711 erit,
970 1636 996 1697 si

273 1826 274 1829 Ἴ
355 1762 416 1804 non
440 1742 517 1805 circa
539 1744 628 1805 vilem
650 1746 841 1827 patulumque
864 1742 1024 1805 moraberis
1047 1745 1147 1803 orbern

355 1870 409 1911 nec
433 1851 553 1911 verbum
576 1853 665 1912 verbo
689 1852 805 1913 curabis
827 1853 947 1929 reddere
968 1852 1043 1911 fidus

355 1956 497 2035 interpres
521 1977 575 2018 nec
598 1958 715 2019 desilies
737 1958 870 2020 imitator
891 1957 922 2017 in
945 1965 1050 2030 artum,

357 2065 434 2124 unde
456 2066 561 2144 pedem
584 2066 711 2145 proferre
734 2067 829 2145 pudor
851 2072 930 2125 vetet
952 2072 1004 2124 aut
1027 2061 1123 2141 operis
1146 2061 1204 2123 lex.
1373 2084 1416 2124 res

357 2189 410 2230 nec
434 2169 476 2231 sio
499 2170 622 2250 incipies
646 2180 678 2232 ut
701 2171 826 2251 scriptor
848 2170 959 2251 cyclius
983 2169 1068 2230 olim:

305 2270 307 2273 ’
351 2270 511 2337 ‘fortunam
534 2277 644 2338 Priami
668 2280 794 2339 cantabo
818 2286 848 2337 et
871 2276 970 2337 nobile
993 2270 1129 2337 bellum'

358 2382 428 2463 quid
451 2383 570 2462 dignum
593 2392 676 2444 tanto
700 2385 772 2444 feret
795 2382 843 2443 hic
866 2382 1027 2461 promissor
1049 2380 1152 2442 hiatu?

357 2488 523 2570 parturiunt
545 2498 669 2564 montes,
694 2497 831 2551 nascetur
852 2488 993 2550 ridiculus
1016 2508 1090 2549 mus.

360 2605 469 2676 quanto
493 2596 600 2656 rectius
622 2597 679 2671 hic,
705 2596 755 2677 qui
778 2596 820 2656 nil
843 2596 964 2657 molitur
985 2595 1099 2674 inepte:

350 2699 413 2763 ‘dio
436 2702 518 2776 mihi,
542 2703 638 2776 Musa,
664 2703 767 2776 virum,
792 2711 896 2781 captae
917 2711 986 2782 post
1007 2711 1142 2782 tempora
1163 2700 1269 2762 Troiae

360 2808 409 2889 qui
432 2828 527 2869 mores
551 2809 703 2869 hominum
726 2809 883 2869 multorum
906 2807 982 2869 vidit
1004 2816 1033 2868 et
1056 2802 1164 2869 urbes.³

358 2934 419 2975 non
442 2915 552 2975 furnum
574 2934 611 2975 ex
635 2915 753 2994 fulgore,
782 2916 834 2976 sed
857 2935 894 2975 ex
917 2915 995 2974 firmo
1019 2915 1088 2998 dare
1110 2913 1204 2976 lucem

296 3075 301 3086 .
359 3021 477 3100 cogitat,
502 3029 534 3081 ut
557 3021 690 3100 speciosa
712 3021 818 3082 dehinc
841 3020 983 3083 miracula
1004 3029 1128 3100 promat,

359 3125 545 3206 Antiphaten
570 3127 742 3208 Oircamque
766 3136 883 3189 etcum
908 3128 1037 3208 Cyclope
1060 3126 1239 3208 Charybdin.

359 3251 412 3294 nec
434 3232 559 3294 reditum
582 3233 737 3294 Diomedis
759 3236 797 3296 ab
821 3233 940 3294 interitu
962 3233 1104 3312 Meleagri

361 3358 414 3400 neo
436 3338 551 3418 gemino
575 3339 684 3401 bellum
709 3340 869 3401 Troianum
893 3340 1005 3401 orditur
1025 3341 1063 3400 ab
1088 3359 1161 3401 ovo:

359 3464 473 3524 semper
495 3447 533 3506 ad
557 3455 693 3506 eventum
717 3446 837 3507 festinat
860 3455 889 3506 et
911 3446 942 3506 in
962 3445 1077 3507 medias
1099 3465 1146 3505 res

358 3571 419 3612 non
442 3571 525 3612 secus
548 3572 583 3613 ac
606 3560 693 3613 notas
716 3553 879 3613 auditorem
901 3551 987 3632 rapit,
1012 3560 1042 3612 et
1065 3571 1139 3632 quae

360 3660 496 3736 desperat
517 3666 644 3720 tractata
666 3658 812 3720 nitescere·
831 3678 919 3738 posse
941 3657 1089 3738 relinquit,

361 3773 448 3845 atque
471 3765 515 3826 ita
536 3765 684 3839 mentitur,
710 3765 752 3826 sic
775 3765 853 3826 veris
875 3765 951 3826 falsa
972 3765 1117 3838 remisoet,

343 3869 454 3950 'primo
477 3890 514 3931 ne
536 3871 673 3946 medium,
698 3871 794 3932 medio
819 3891 856 3932 ne
881 3871 1025 3951 discrepet
1046 3871 1146 3932 imum.

250 4021 461 4028 *mm—-

321 4096 404 4146 Vama
416 4112 512 4147 recuro.
549 4097 601 4146 219
620 4097 716 4148 Circam
736 4097 865 4150 Bentler'us
883 4097 987 4163 scyllam
1004 4099 1043 4149 cel
1059 4095 1155 4147 scillam
1172 4095 1240 4149 bort.
