3209 5125
671 473 702 536 Q.
720 472 854 525 nonnul
871 472 993 525 FLAGOI

802 830 866 925 Xl

406 1057 487 1129 Quid
508 1058 564 1120 tibi
587 1058 653 1121 visa
676 1044 776 1132 Chios,
800 1058 924 1133 Bullati,
948 1066 1077 1140 notaque
1099 1058 1224 1132 Lesbos,

362 1165 433 1247 quid
457 1165 602 1227 concinna
627 1165 743 1239 Samos,
769 1165 840 1247 quid
864 1165 966 1227 Croesi
987 1164 1068 1245 regie
1091 1164 1204 1239 Sardis,

364 1271 492 1353 Smyrna
515 1272 586 1354 quid
609 1281 638 1334 et
662 1271 839 1352 Colophon?
861 1272 974 1334 maiora
995 1270 1148 1333 minorane
1171 1271 1270 1333 sama?

363 1388 507 1441 cunctane
528 1398 599 1459 prae
622 1399 725 1460 campo
750 1388 779 1441 et
802 1379 942 1442 Tiberino
965 1378 1086 1440 flumine
1108 1379 1247 1441 sordent?

362 1506 401 1547 an
424 1486 506 1548 venit
528 1485 560 1546 in
582 1494 684 1548 votum
707 1486 850 1548 Attalicis
873 1507 911 1549 ex
932 1486 1054 1549 urbibus
1076 1487 1157 1549 una?

362 1613 401 1655 an
423 1593 575 1656 Lebedum
597 1593 701 1655 laudas
725 1592 793 1655 odio
818 1594 908 1655 maris
930 1602 1019 1676 atque
1041 1594 1175 1656 viarum?

399 1804 482 1871 ‘Scis
504 1807 641 1869 Lebedus
665 1807 736 1889 quid
758 1807 807 1869 sit.
841 1807 948 1870 Gabiis
971 1806 1114 1869 desertior
1135 1816 1224 1890 atque

363 1913 484 1976 Fidenis
508 1914 605 1976 mous:
629 1922 729 1976 tamen
751 1914 814 1976 illic
836 1914 936 1977 vivere
957 1914 1065 1975 vellem

364 2020 532 2102 oblitusque
553 2040 686 2082 meorum
709 2021 928 2084 obliviscendus
950 2030 981 2082 et
1002 2020 1063 2084 illis

362 2127 532 2208 Neptunum
555 2128 657 2207 procul
680 2136 797 2189 eterra
820 2136 952 2207 spectare
973 2123 1138 2189 furentem.³

411 2341 472 2404 Sed
495 2360 590 2421 neque
613 2340 663 2423 qui
688 2340 791 2421 Capua
813 2342 941 2403 Romam
963 2340 1047 2420 petit,
1071 2339 1164 2402 imbre
1186 2340 1307 2421 lutoque

364 2466 511 2527 aspersus
534 2447 616 2508 volet
638 2446 669 2507 in
693 2448 957 2527 conponentem,
981 2465 1035 2508 nec
1058 2446 1109 2527 qui

364 2554 453 2634 frigus
477 2553 605 2634 collegit,
629 2554 728 2617 furnos
753 2562 782 2616 et
803 2554 911 2618 balnea
933 2554 1035 2617 laudat

365 2670 399 2722 ut
420 2662 599 2722 fortunatam
621 2661 708 2740 plene
729 2661 914 2741 praestantia
934 2660 1043 2735 vitam;

366 2787 420 2829 nec
443 2767 468 2828 si
490 2775 521 2828 te
543 2766 659 2829 validus
682 2768 836 2830 iactaverit
857 2777 955 2830 auster
977 2767 1009 2828 in
1031 2768 1103 2840 alto,

365 2873 475 2936 idcirco
499 2893 605 2936 navem
627 2882 710 2936 trans
732 2874 884 2955 Aegaeum
906 2894 986 2936 mare
1007 2875 1128 2936 vendas.

366 2980 507 3042 incolumi
530 2981 654 3042 Rhodos
678 2989 707 3042 et
728 2981 873 3063 Mytilene
895 2981 1017 3060 pulchre
1040 2980 1112 3042 facit
1134 2979 1213 3062 qnod

366 3087 493 3167 paenula
516 3086 653 3162 solstitio,
678 3097 841 3168 campestre
862 3086 1012 3150 nivalibus
1034 3086 1122 3160 auris,

366 3214 419 3274 per
439 3196 573 3256 brumam
596 3193 722 3269 Tiberis,
745 3195 846 3256 sextili
868 3209 969 3255 mense
992 3193 1138 3255 caminus:

368 3303 437 3364 dum
459 3301 528 3364 licet
550 3321 586 3363 ac
608 3301 721 3363 voltum
744 3308 843 3363 servat
863 3301 997 3362 Fortuna
1018 3299 1186 3379 benignum,

367 3408 483 3470 Romae
505 3408 639 3469 laudetur
661 3408 770 3470 Samos
793 3415 824 3466 et
846 3404 939 3468 Chios
961 3415 991 3467 et
1012 3406 1137 3467 Rhodos
1158 3405 1275 3466 absens.

368 3523 402 3575 tu
425 3534 636 3596 quamcumque
659 3515 730 3574 deus
751 3512 809 3574 tibi
831 3512 1023 3574 fortunaverit
1044 3513 1147 3573 horam

368 3630 452 3702 grata
474 3640 555 3682 sume
577 3639 675 3695 manu,
699 3639 756 3681 neu
779 3618 878 3681 dulcia
899 3619 982 3681 differ
1004 3619 1035 3679 iu
1057 3635 1177 3691 annum,

369 3736 411 3802 ut,
435 3725 618 3809 quocumque
640 3727 706 3788 loco
730 3725 828 3800 tueris,
852 3725 964 3787 vixisse
987 3726 1112 3788 libenter

369 3842 399 3896 te
421 3834 511 3897 dicas.
547 3815 633 3896 nobis
655 3832 730 3896 ratio
755 3842 785 3893 et
808 3831 963 3912 prudentia
984 3851 1077 3906 ouras,

371 3961 431 4003 non
453 3930 541 4004 locus
560 3940 642 4002 effusi
665 3940 724 4001 late
746 3938 836 4001 maris
859 3938 968 4001 arbiter
989 3938 1097 4000 aufert:

370 4049 492 4123 caelum,
516 4067 577 4110 non
599 4047 729 4109 animum
751 4054 869 4109 mutant
891 4044 941 4126 qui
962 4043 1045 4106 tram
1066 4061 1147 4105 mare
1169 4049 1296 4104 currunt

353 4273 437 4323 Varus
450 4288 548 4324 uuorro.
585 4272 619 4322 25
637 4271 710 4323 uobis
728 4271 754 4324 R
771 4288 831 4321 nam
849 4269 871 4321 ei
888 4268 955 4323 estro
