3209 5125
567 448 647 513 18

475 615 544 669 10

475 1150 542 1204 15

475 2789 542 2841 10

1358 445 1419 505 Q.
1457 444 1724 495 HORATI
1760 445 2002 496 FLAccl

829 626 929 667 cur
971 626 1066 668 me
1110 606 1340 668 funesto
1387 614 1702 686 properent
1746 625 1940 668 arcere
1986 614 2245 680 veterno,

828 732 978 795 quae
1022 732 1272 774 nocuere
1315 732 1544 793 sequar,
1592 711 1812 791 fugiam
1858 733 2007 794 quae
2054 714 2286 793 profore
2331 713 2583 787 credam,

828 821 1058 881 Romae
1103 819 1289 882 Tibur
1333 839 1526 881 amem
1571 828 1872 894 ventosuS‚
1920 820 2139 881 Tibure
2184 820 2459 881 Romam.

829 935 968 1007 post
1010 927 1175 1001 haec,
1222 935 1291 988 ut
1334 926 1548 1000 valeat„
1600 945 1715 1008 quo
1761 935 1937 1006 pacto
1984 946 2109 988 rem
2154 935 2317 1007 gerat
2362 934 2421 988 et
2466 946 2547 1002 se,

825 1042 893 1094 ut
936 1033 1168 1114 placeat
1210 1033 1427 1108 iuveni,
1475 1042 1836 1113 percontare,
1885 1041 2064 1115 utque
2112 1034 2357 1095 cohorti.

828 1140 880 1201 si
925 1139 1082 1202 dicet
1114 1136 1341 1216 ‘recte',
1388 1139 1643 1220 primum
1687 1142 1954 1220 gaudere,
2004 1140 2254 1209 subinde

822 1256 1196 1328 praeceptum
1241 1247 1516 1309 auriculis
1563 1248 1679 1308 hoc
1725 1246 2015 1308 instillare
2060 1255 2385 1309 memento:

825 1363 893 1415 ut
933 1363 1000 1415 tu
1043 1356 1356 1429 fortunam,
1405 1354 1492 1416 sic
1537 1374 1648 1415 nos
1693 1362 1771 1428 te,
1821 1353 2010 1428 Celse,
2058 1354 2324 1415 feremus,

1622 1620 1748 1716 IX

918 1815 1261 1896 SeptimiuS‚
1312 1815 1540 1889 Claudi,
1588 1815 1652 1875 ni
1698 1814 1909 1876 mirum
1954 1815 2244 1895 intellegit
2284 1834 2456 1889 unus,

829 1922 1035 2004 quanti
1078 1942 1172 1983 me
1217 1922 1417 1984 facias'.
1487 1942 1626 1984 nam
1673 1942 1804 1983 cum
1847 1931 2016 2001 rogat
2061 1930 2120 1982 et
2162 1940 2333 2002 prece
2380 1919 2554 2001 cogit,

829 2029 1055 2091 scilicet
1098 2037 1165 2090 ut
1207 2028 1320 2091 tibi
1365 2049 1428 2090 se
1473 2028 1713 2091 laudare
1760 2036 1819 2089 et
1862 2030 2091 2090 tradere
2138 2048 2332 2103 coner,

829 2137 972 2219 quid
1015 2136 1239 2217 possim
1283 2135 1446 2197 videt
1489 2156 1560 2197 ac
1605 2135 1775 2197 novit
1818 2156 1912 2196 me
1956 2136 2189 2197 valdius
2234 2136 2383 2216 ipso,

827 2243 1014 2305 multa
1059 2243 1294 2325 quidem
1341 2241 1485 2317 dixi,
1536 2261 1639 2303 cur
1683 2251 1995 2304 excusatus
2040 2242 2295 2317 abirem3

829 2351 932 2411 sed
977 2349 1166 2425 timui,
1213 2369 1346 2411 mea
1390 2368 1464 2410 ne
1508 2348 1754 2410 finxisse
1797 2350 2030 2412 minora
2071 2358 2324 2429 putarer,

828 2455 1228 2518 dissimulator
1273 2456 1402 2535 opis
1449 2456 1739 2545 propriae,
1788 2456 1935 2518 mihi
1982 2458 2323 2518 commodus
2370 2446 2489 2516 uni.

829 2564 914 2626 sic
961 2583 1086 2644 eg0‚
1134 2563 1374 2625 maioris
1421 2564 1648 2645 fugiens
1696 2565 2013 2644 opprobria
2058 2564 2281 2644 culpae,

826 2671 1036 2732 frontis
1081 2671 1158 2731 ad
1201 2672 1462 2733 urbanae
1507 2669 1784 2732 descendi
1828 2671 2106 2750 praemia.
2177 2671 2334 2752 quod
2380 2669 2433 2730 si

827 2777 1156 2857 depositum
1204 2777 1410 2838 laudas
1457 2778 1532 2839 ob
1579 2777 1757 2838 amici
1801 2777 1966 2840 iussa
2008 2780 2309 2858 pudorem,

828 2885 1018 2946 scribe
1061 2883 1149 2944 tui
1194 2883 1381 2964 gregis
1425 2885 1582 2945 hunc
1630 2894 1690 2945 et
1733 2885 1941 2945 fortem
1988 2885 2157 2946 crede
2200 2885 2553 2965 bonumque.

1635 3151 1725 3246 X

915 3345 1098 3409 Urbis
1143 3353 1465 3408 amatorem
1508 3347 1767 3407 Fuscum
1811 3345 2037 3407 salvere
2081 3345 2347 3408 iubemus

827 3452 976 3514 ruris
1022 3460 1331 3526 amatoreS‚
1378 3452 1491 3514 hac
1536 3451 1600 3513 in
1643 3472 1707 3514 re
1751 3451 1978 3514 scilicet
2022 3471 2142 3514 una

829 3558 1076 3622 multum
1122 3557 1455 3633 dissimiles,
1504 3568 1568 3620 at
1614 3567 1805 3621 cetera
1848 3578 2035 3639 paene
2080 3557 2314 3638 gemelli

827 3666 1098 3728 fraternis
1143 3665 1357 3726 animis
1406 3665 1692 3748 quidquid
1738 3673 1913 3748 negat
1957 3664 2105 3726 alter
2149 3673 2209 3725 et
2252 3662 2402 3726 alter

830 3771 1139 3834 adnuimus
1183 3771 1416 3851 pariter.
1487 3772 1671 3835 vetuli
1716 3772 1959 3853 notique
1988 3770 2264 3837 ,columbi

826 3888 890 3936 tu
935 3878 1138 3940 nidum
1185 3897 1401 3953 servaS‚
1451 3899 1556 3960 ego
1605 3880 1781 3941 laudo
1828 3877 1979 3940 ruris
2025 3877 2260 3939 amoeni

833 3985 988 4048 rivos
1035 3994 1094 4046 et
1137 4005 1338 4048 musco
1388 3984 1716 4048 circumlita
1761 4005 1911 4051 saxa
1953 4003 2293 4067 nemusque.

741 4157 966 4221 dignum
1002 4162 1186 4212 mente
1222 4157 1494 4227 domoque
1529 4158 1764 4226 legentis
1798 4157 2032 4213 honesta
2066 4157 2324 4228 Neronis;

745 4259 962 4299 annuere
999 4260 1123 4300 cum
1159 4242 1315 4314 fungi
1348 4246 1620 4315 propioris
1655 4249 1846 4301 censet
1879 4245 2068 4300 amici:

2823 632 2878 670 10

2820 1158 2877 1198 15

2820 2578 2875 2616 10

2816 4176 2907 4219 9,4
