3209 5125
674 438 704 498 Q.
723 437 856 487 Hortum
874 437 996 487 nouom
1106 455 1108 458 ·

388 622 460 683 quas
484 602 531 664 bis
555 601 684 682 quinque
707 599 763 661 viri
786 607 956 673 sanxerunt,
981 599 1098 662 foedera
1119 619 1219 682 regum

386 707 434 769 vel
456 706 564 769 Gabiis
586 706 634 768 vel
658 726 723 767 cum
745 706 848 785 rigidis
871 714 997 785 aequata
1020 706 1152 782 Sabinis,

387 813 559 894 pontificum
582 811 683 887 libros,
708 831 823 873 annosa
845 810 997 873 volumina
1019 821 1121 873 vatum

387 919 503 982 dictitet
524 919 646 980 Albano
670 920 773 979 Musas
796 918 827 978 in
850 926 951 978 monte
973 917 1095 980 locutas.

432 1130 475 1205 Si,
501 1131 570 1213 quia
593 1129 752 1192 Graiorum
774 1138 844 1191 suut
865 1129 1073 1212 antiquissima
1096 1149 1228 1213 quaeque

387 1238 498 1317 scripta
520 1238 567 1298 vel
591 1236 712 1317 optima,
736 1235 868 1298 Romani
890 1245 1052 1315 pensantur
1074 1239 1176 1298 eadem

386 1344 543 1424 scriptores
566 1344 686 1419 trutina,
710 1362 770 1405 non
794 1351 841 1403 est
863 1344 942 1423 quod
964 1342 1058 1405 muita
1080 1342 1248 1426 loquamur:

387 1451 428 1511 nil
452 1451 530 1512 iutra
553 1460 598 1511 est
621 1451 695 1525 olea,
719 1450 761 1511 nil
785 1458 869 1511 extra
891 1458 937 1511 est
959 1450 990 1511 in
1013 1470 1087 1512 nuce
1110 1452 1183 1513 duri.

387 1558 412 1618 si
435 1557 559 1620 meliora
581 1558 652 1633 dice,
677 1557 813 1630 utrina,
836 1564 976 1636 poemata
997 1557 1102 1632 reddit,

386 1664 461 1727 scire
483 1664 581 1738 velim,
607 1663 716 1726 chartis
739 1662 866 1743 pretium
890 1672 996 1743 quotus
1019 1673 1134 1743 arroget
1156 1684 1260 1727 annus.

386 1770 512 1851 scriptor
535 1771 643 1832 abhinc
666 1790 761 1831 anuos
784 1778 901 1831 centum
925 1770 975 1851 qui
998 1770 1117 1845 decidit,
1141 1771 1217 1832 iuter

386 1877 530 1957 perfectos
553 1885 723 1958 veteresque
745 1875 845 1937 referri
867 1876 955 1937 debet
976 1897 1015 1937 au
1037 1876 1114 1937 inter

386 1982 461 2045 viles
484 1991 573 2064 atque
596 1983 708 2045 novos?
732 1982 869 2045 excludat
892 1982 986 2063 iurgia
1007 1982 1083 2045 finis.

381 2088 439 2151 ‘est
460 2100 544 2152 vetus
568 2098 656 2171 atque
678 2091 788 2169 probus
812 2097 928 2150 centum
952 2089 1002 2170 qni
1025 2090 1137 2169 perficit
1158 2084 1268 2151 annos.²

387 2196 477 2279 quid?
500 2197 551 2280 qui
574 2195 697 2276 deperiit
719 2196 816 2257 minor
838 2215 897 2257 uno
921 2215 1021 2257 mense
1043 2195 1090 2257 vel
1112 2215 1201 2270 auno,

387 2305 464 2366 iuter
487 2323 560 2385 quos
582 2303 748 2365 referendus
772 2302 848 2363 erit?
877 2311 1027 2364 veteresne
1050 2304 1226 2384 probosque,

386 2430 425 2471 an
449 2429 523 2493 quos
547 2417 576 2469 et
598 2428 736 2488 praesens
760 2417 789 2470 et
811 2417 930 2488 postera
950 2417 1070 2488 respuat
1091 2408 1194 2469 aetas?

382 2514 451 2579 ‘iste
474 2515 591 2598 quidem
614 2524 725 2578 veteres
749 2516 826 2577 inter
846 2523 972 2595 ponetur
992 2515 1124 2590 honeste,

388 2624 438 2705 qui
460 2624 509 2685 vei
531 2642 632 2683 mense
654 2622 737 2686 brevi
759 2623 808 2684 vel
830 2631 893 2684 toto
918 2630 963 2684 est
984 2622 1082 2686 iunior
1104 2617 1210 2684 auno.²

386 2739 454 2792 utor
475 2729 627 2810 permisso,
652 2731 819 2810 caudaeque
841 2729 919 2809 pilos
942 2738 975 2791 ut
997 2729 1121 2810 equinae

386 2836 541 2917 paullatim
563 2836 641 2898 vello
666 2845 695 2898 et
717 2837 802 2898 demo
826 2856 925 2910 unum,
949 2838 1034 2898 demo
1059 2835 1148 2898 etiam
1169 2853 1269 2908 uuum,

387 2945 457 3005 dum
480 2944 567 3004 cadat
589 2941 686 3004 elusus
708 2942 824 3006 ratione
845 2943 956 3004 ruentis
978 2942 1076 3004 acervi

388 3049 438 3133 qui
460 3049 537 3111 redit
558 3051 597 3111 ud
619 3050 711 3110 fastos
735 3059 765 3112 et
787 3049 925 3110 virtutem
947 3048 1085 3110 aestimat
1107 3048 1193 3110 anuis

387 3157 566 3239 miraturque
589 3155 665 3217 nihil
686 3156 744 3218 nisi
768 3157 847 3237 qnod
868 3155 1004 3218 Libitina
1026 3154 1162 3217 sacravit.

431 3368 544 3432 Ennius
568 3377 598 3429 et
620 3367 737 3449 sapiens
759 3377 790 3430 et
811 3368 895 3430 fortis
919 3378 948 3430 et
970 3368 1045 3431 alter
1066 3368 1223 3440 Romame,

388 3484 421 3536 ut
443 3475 537 3538 critici
559 3474 669 3548 dicunt,
692 3474 795 3536 leviter
819 3493 919 3538 curare
940 3475 1056 3537 videtur

389 3602 446 3664 quo
469 3581 615 3662 promissa
637 3582 745 3642 cadant
767 3590 797 3642 et
818 3581 935 3644 somnia
955 3581 1148 3662 Pythagorea.

388 3688 520 3751 Naevius
542 3689 575 3748 iu
597 3688 733 3752 manibus
757 3709 818 3750 non
840 3699 886 3751 est
908 3699 938 3752 et
959 3687 1108 3751 mentibus
1129 3687 1230 3747 haeret

387 3813 481 3875 paene
503 3794 623 3856 recens?
645 3796 718 3857 adeo
742 3804 876 3858 sanctum
899 3804 943 3856 est
965 3803 1049 3856 vetus
1073 3811 1159 3854 omna
1181 3799 1296 3871 poema

388 3901 545 3981 ambigitur
568 3901 703 3982 quotiens
725 3910 789 3962 uter
810 3910 875 3965 utro
899 3901 939 3962 sit
959 3901 1048 3981 prior,
1071 3900 1165 3961 aufert

347 4147 431 4198 Vsum
443 4162 540 4198 uncrro.
571 4146 603 4196 31
617 4145 674 4196 olea
685 4165 709 4209 ς,
730 4145 858 4199 Beutier'ue
870 4146 951 4197 oleam
963 4146 1030 4213 (olei
1039 4149 1068 4218 9)
1082 4153 1159 4201 ceteri
1170 4146 1229 4199 libri
1281 4144 1316 4195 39
1331 4159 1391 4208 pro·

277 4237 372 4301 bosque
391 4235 520 4290 Basileios
538 4242 626 4301 poetas
644 4233 711 4288 libri.
