3209 5125
659 477 727 529 Ans
745 477 901 537 Polemon.

332 636 426 699 multa
449 657 548 699 senem
571 638 803 702 circumveniunt
826 640 1022 716 incommoda,
1046 640 1094 703 vel
1118 644 1197 723 quod

334 743 447 824 quaerit
470 752 499 805 et
521 744 650 806 inventis
673 746 761 807 miser
783 747 914 809 abstinet
936 767 972 809 ac
993 746 1079 808 timet
1100 747 1153 822 uti,

333 848 380 910 vel
404 851 482 931 quod
504 870 550 912 res
574 871 676 913 omnes
699 852 802 914 timide
826 851 978 935 gelideque
1000 852 1158 927 ministrat,

334 955 450 1030 dilator,
475 976 527 1036 spe
549 957 656 1032 lentus,
680 959 758 1020 iners
781 959 965 1041 pavidusque
987 960 1085 1034 futuri,

333 1062 469 1138 difficilis,
494 1063 640 1145 querulus,
664 1065 799 1128 laudator
821 1066 962 1146 temporis
985 1066 1046 1128 acti

333 1189 364 1230 se
386 1188 485 1250 puero,
510 1170 670 1251 castigator
692 1192 854 1255 censorque
876 1173 1031 1235 minorum.

329 1276 423 1338 multa
445 1278 541 1339 femnt
563 1277 635 1339 anni
657 1279 810 1340 venientes
833 1278 989 1342 commoda
1011 1299 1120 1354 secum,

332 1383 425 1445 multa
447 1385 615 1445 recedentes
638 1386 786 1448 adimunt:
811 1406 848 1447 ne
870 1386 945 1448 forte
968 1386 1076 1447 seniles

331 1492 507 1552 mandentur
529 1491 628 1553 iuveni
651 1501 749 1571 partes
772 1512 921 1574 pueroque
943 1493 1052 1555 viriles.

377 1702 533 1767 Scribendi
555 1714 633 1766 recte
655 1724 757 1785 sapere
780 1714 826 1766 est
848 1714 878 1766 et
899 1705 1076 1785 principium
1099 1714 1128 1767 et
1150 1707 1226 1769 lons.

330 1828 392 1869 rem
413 1810 470 1871 tibi
493 1812 664 1873 Socraticae
685 1819 824 1892 poterunt
847 1814 1000 1874 ostendere
1023 1812 1150 1887 chartae,

332 1919 478 1999 verbaque
501 1918 651 1997 provisam
673 1938 734 1980 rem
757 1938 818 1979 non
841 1918 937 1980 invita
959 1927 1126 2000 sequentur.

331 2022 381 2104 qui
405 2022 509 2085 didicit
530 2025 644 2103 patriae
667 2024 738 2106 quid
761 2027 867 2087 debeat
890 2035 920 2086 et
943 2026 1013 2107 quid
1035 2025 1148 2100 amicis,

331 2148 389 2210 quo
413 2130 453 2190 sit
475 2150 574 2191 amore
597 2150 713 2210 parens,
738 2150 795 2211 quo
820 2131 909 2192 frater
930 2134 1073 2193 amandus
1097 2141 1126 2192 et
1148 2131 1265 2212 hospes,

331 2237 409 2317 quod
433 2236 471 2297 sit
494 2238 662 2316 conscripti,
688 2239 767 2319 quod
790 2237 896 2299 iudicis
919 2238 1056 2314 officium,
1081 2258 1156 2320 quae

329 2351 427 2421 partes
450 2343 481 2404 in
503 2343 615 2405 bellum
638 2342 721 2433 missi
745 2342 837 2418 ducis,
862 2344 912 2405 ille
934 2346 1064 2425 profecto

327 2450 447 2511 reddere
469 2469 612 2529 personae
635 2449 691 2511 scit
713 2450 921 2512 convenientia
943 2452 1056 2533 cuique.

328 2554 471 2637 respicere
493 2556 643 2637 exemplar
665 2556 745 2619 vitae
767 2578 939 2640 rncmmque
961 2558 1069 2621 iubebo

329 2662 447 2725 doctum
470 2663 647 2726 imitatorem
671 2672 701 2724 et
723 2663 809 2726 vivas
831 2664 900 2727 hinc
923 2668 1027 2728 ducere
1049 2685 1146 2728 voces

328 2768 474 2832 interdurn
497 2770 632 2851 speciosa
653 2770 727 2832 locis
751 2779 923 2852 morataque
944 2779 1023 2832 recte

327 2876 427 2939 sabula
449 2877 559 2939 nullius
581 2877 705 2952 veneris,
730 2877 794 2938 sine
817 2879 946 2957 pondere
968 2886 998 2938 et
1020 2885 1092 2951 arte,

328 2983 443 3045 valdius
466 2984 595 3047 oblectat
617 2985 758 3064 populum
780 2984 944 3065 meliusque
966 2992 1096 3045 moratur

328 3110 416 3170 quam
438 3109 539 3152 versus
562 3091 665 3171 inopes
688 3111 783 3152 rerum
806 3110 958 3172 nugaeque
981 3109 1114 3152 canorae.

370 3301 536 3382 Discriptas
560 3321 675 3364 servare
698 3303 777 3364 vices
802 3323 979 3384 opemmque
1002 3302 1116 3364 colores
1360 3324 1388 3363 so

327 3427 377 3469 cur
399 3428 452 3489 ego
476 3407 502 3470 si
524 3428 637 3491 nequeo
661 3408 823 3490 ignoroque
845 3418 936 3489 potita
958 3409 1091 3470 solutor?

326 3534 377 3577 cur
398 3515 510 3577 nescire
532 3517 645 3597 pudens
668 3532 758 3594 prave
781 3535 869 3596 quam
892 3515 1003 3577 discere
1025 3514 1125 3576 malo?

325 3621 458 3684 versibus
482 3622 591 3702 exponi
613 3620 733 3700 tragicis
755 3641 802 3682 res
826 3621 939 3683 comica
961 3641 1022 3683 non
1044 3620 1123 3682 volt:

324 3727 493 3810 indignatur
515 3727 586 3788 item
609 3727 732 3808 privatis
756 3747 790 3788 ac
814 3746 904 3806 prope
928 3747 1014 3789 socco

325 3835 422 3915 dignis
444 3834 624 3897 canninibus
647 3833 759 3896 narrari
782 3853 856 3897 cena
877 3834 1033 3916 Thyestae.

214 3965 425 3976 -υ--ψ

324 4039 432 4095 semper
449 4025 477 4079 in
496 4025 632 4080 adiunctis
650 4040 774 4095 aevoque
793 4022 960 4080 morabimur
977 4023 1057 4093 optio.
1342 4035 1385 4074 mo

236 4192 239 4198 '
284 4183 367 4235 Vnam
380 4199 477 4236 onemo.
516 4184 566 4235 114
583 4184 665 4235 lentus
679 4185 810 4239 Bentleius
827 4183 918 4250 longus
936 4182 997 4236 tort
1075 4183 1182 4248 pavidus
1201 4181 1331 4234 Bentleius

212 4270 300 4322 auidus
313 4271 465 4342 Repioeasis
483 4271 585 4324 .auidns
602 4279 678 4326 ceteri
695 4272 756 4325 libri
828 4272 880 4323 134
898 4271 1031 4336 discriptas
1048 4269 1074 4322 R
1092 4271 1230 4335 descriptas
1248 4269 1316 4322 libri.

1064 4357 1082 4410 5
