3209 5125
636 477 703 529 Ans
721 477 878 529 Ponntcn.

311 647 362 699 aut
383 638 529 700 fanaticus
553 658 631 707 emon
654 647 683 700 et
705 640 847 701 iracunda
868 640 977 715 Diana,

310 764 451 807 vesanum
473 743 605 825 tetigisse
627 744 733 807 timent
755 746 927 828 fugiuntque
949 754 1069 826 poetam

312 852 363 934 qui
386 850 518 931 sapiunt:
542 850 656 931 agitant
678 852 760 931 pueri
783 852 953 934 incautique
975 862 1121 918 secuntur.

310 958 358 1019 hic
382 959 451 1019 dnm
474 957 609 1019 sublimis
632 977 733 1020 versus
756 967 887 1020 ructatur
908 968 939 1020 ct
960 969 1045 1034 errat,

311 1064 337 1125 si
357 1050 451 1125 ueluti
474 1063 593 1125 merulis
615 1064 746 1127 intentus
769 1065 880 1127 decidit
901 1085 1009 1147 auceps

312 1171 343 1232 in
365 1179 485 1251 putcmn
508 1170 669 1247 foveamus,
694 1172 764 1233 licet
781 1168 959 1233 ‘succurrite'
982 1173 1101 1253 longum

311 1276 418 1339 clamet
432 1274 476 1338 ‘io
500 1274 608 1352 civcs'‚
633 1298 692 1340 non
715 1278 755 1339 sit
778 1279 829 1360 qui
851 1278 954 1339 tollere
976 1280 1065 1341 curet.

311 1384 336 1443 si
360 1392 440 1445 curet
463 1384 528 1465 quis
553 1403 638 1465 opem
660 1385 733 1445 ferre
756 1394 786 1447 et
808 1385 961 1447 demittere
983 1385 1090 1461 funem,

304 1487 369 1571 ‘qui
392 1491 450 1551 scis
473 1511 512 1552 au
536 1492 662 1571 prudens
685 1492 742 1553 huc
766 1510 797 1552 sc
819 1491 975 1571 proiecerit
996 1500 1086 1575 atque

311 1596 421 1658 servari
444 1594 556 1658 nolit?’
579 1598 685 1672 dicam,
710 1598 863 1680 Siculique
885 1606 993 1679 poetae

312 1705 436 1765 namabo
460 1703 625 1765 interitum:
649 1706 720 1766 deus
744 1703 911 1766 inmortalis
934 1705 1036 1767 haberi

311 1811 380 1871 dum
403 1810 484 1890 cupit
506 1810 710 1890 Empedocles,
734 1812 886 1873 ardentem
909 1811 1030 1891 frigidus
1052 1813 1184 1875 Aetnam

310 1917 432 1978 insiluit.
467 1917 507 1977 sit
528 1918 573 1979 ius
596 1917 742 1999 liceatque
763 1917 858 1997 perire
880 1918 987 1997 poetis.

311 2044 365 2085 nec
387 2024 478 2085 semel
499 2024 557 2085 hcc
579 2024 657 2098 iecit,
680 2043 735 2085 nec
758 2023 783 2083 si
805 2031 948 2085 retractus
971 2025 1026 2086 en't
1048 2025 1117 2099 iam,

310 2133 360 2193 fiet
382 2131 471 2192 homo
496 2138 525 2191 et
546 2139 637 2210 ponet
659 2130 789 2191 famosae
812 2130 916 2192 mortis
939 2150 1076 2193 amorem.

311 2257 365 2299 nec
387 2236 461 2298 satis
483 2244 605 2317 apparet
628 2256 679 2297 cur
701 2256 802 2298 versus
825 2236 947 2312 factitat,
971 2246 1068 2299 utrum

310 2343 451 2405 minxerit
472 2343 503 2403 in
526 2342 639 2423 patrios
662 2342 773 2404 cineres
798 2362 838 2405 an
860 2343 944 2405 triste
966 2344 1099 2407 bidental

311 2450 437 2512 movent
459 2450 603 2511 incestus:
628 2458 705 2511 certe
728 2448 807 2524 furit,
830 2470 866 2511 ac
888 2452 970 2512 velut
991 2470 1086 2526 ursus,

312 2558 443 2620 obiectos
467 2577 574 2619 caveae
597 2556 691 2619 valuit
713 2556 740 2618 si
762 2557 895 2638 frangere
917 2557 1055 2633 clathros,

311 2664 463 2727 indoctum
485 2665 663 2746 doctmnque
684 2664 766 2744 fugat
787 2664 927 2726 recitatur
948 2666 1087 2740 acerbus;

313 2791 399 2853 quem
421 2791 490 2833 vero
514 2770 645 2851 anipuit,
670 2779 751 2832 tenet
773 2750 940 2852 occiditque
961 2772 1094 2852 legendo,

311 2897 372 2940 non
395 2878 520 2940 missura
542 2886 639 2940 cutem
662 2876 721 2938 nisi
743 2877 833 2957 plena
854 2877 964 2940 crucris
987 2878 1100 2940 himdo.

294 3102 424 3167 ¹inuitum
443 3102 489 3172 qui
507 3107 609 3172 servat,
627 3102 700 3158 idem
718 3100 784 3158 facit
801 3101 946 3158 occidenti.
