3209 5125
437 1039 507 1092 25

435 2108 507 2161 35

528 454 614 519 62

1336 453 1397 516 Q.
1421 453 1688 506 HORA'I'I
1722 454 1965 506 FLAGCI

843 614 1105 676 institui:
1153 624 1416 677 currente
1460 624 1592 678 rota
1638 634 1740 677 cur
1782 635 1987 677 urceus
2034 614 2199 677 exit?

845 722 1097 802 denique
1141 721 1221 783 sit
1267 721 1520 802 quidviS‚
1568 721 1822 801 simplex
1867 723 2178 784 dumtaxat
2222 730 2281 783 et
2323 742 2521 785 unum.

843 827 1169 891 Aemilium
1213 827 1370 890 circa
1411 829 1615 890 ludum
1660 828 1824 889 faber
1867 848 2018 889 unus
2064 837 2122 891 et
2165 828 2375 909 unguis

845 934 1132 1015 exprimet
1176 942 1235 996 et
1278 935 1477 996 mollis
1521 934 1851 997 imitabitur
1894 954 2026 996 aere
2070 934 2337 1015 capilloS,

841 1041 1051 1102 infelix
1099 1040 1292 1121 operis
1335 1061 1581 1116 summa,
1634 1041 1772 1121 quia
1814 1061 2032 1121 ponere
2074 1050 2268 1103 totum

844 1146 1082 1209 nesciet.
1152 1148 1309 1209 hunc
1353 1167 1458 1228 ego
1505 1168 1619 1223 me,
1670 1146 1867 1228 siquid
1912 1167 2263 1229 componere
2307 1167 2520 1223 curem,

843 1274 965 1316 non
1010 1253 1198 1333 magis
1243 1274 1370 1315 esse
1414 1254 1593 1316 velim
1642 1274 1817 1334 quam
1863 1275 2009 1317 naso
2055 1254 2254 1317 vivere
2296 1274 2479 1336 pravo

843 1363 1227 1441 spectandum
1271 1360 1452 1441 nigris
1499 1361 1686 1423 oculis
1730 1360 2011 1441 nigroque
2058 1362 2291 1442 capillo,

842 1466 1106 1529 maxima
1147 1487 1285 1547 pars
1317 1476 1536 1542 vatum,
1584 1475 1753 1547 pater
1797 1476 1857 1529 et
1899 1467 2139 1530 iuvenes
2184 1476 2350 1549 patre
2395 1466 2576 1549 digni,

843 1573 1167 1655 decipimur
1209 1574 1405 1654 specie
1447 1574 1621 1636 recti:
1668 1574 1863 1638 brevis
1909 1594 2037 1635 esse
2083 1575 2307 1649 labor0,

845 1682 1125 1743 obscurus
1168 1682 1281 1756 fio;
1329 1688 1654 1742 sectantem
1698 1680 1857 1743 lenia
1900 1681 2065 1743 nervi

843 1786 1120 1848 deficiunt
1163 1784 1496 1866 animique;
1542 1787 1839 1868 professus
1883 1786 2129 1867 grandia
2171 1794 2390 1867 turget3

843 1892 1027 1972 serpit
1071 1892 1235 1953 humi
1281 1900 1443 1954 tutus
1488 1893 1735 1955 nimium
1780 1893 2137 1974 timidusque
2180 1892 2503 1973 procellae:

844 1999 945 2080 qui
987 1999 1214 2062 variare
1259 1998 1420 2080 cupit
1462 2020 1583 2062 rem
1630 1999 2033 2080 prodigialiter
2076 2019 2273 2076 unam,

841 2105 1184 2187 delphinum
1228 2105 1397 2168 silvis
1443 2106 1729 2187 appingit,
1777 2106 2051 2169 fluctibus
2097 2126 2319 2188 aprum.

934 2318 1164 2383 Sumite
1209 2318 1514 2381 materiam
1562 2318 1776 2380 vestris
1823 2318 1924 2398 qui
1969 2317 2227 2381 scribitis
2271 2336 2520 2398 aequam

843 2424 1067 2489 viribus
1114 2434 1172 2487 et
1215 2434 1446 2487 versate
1490 2423 1610 2498 diu,
1660 2423 1801 2504 quid
1845 2424 1991 2486 ferre
2034 2433 2322 2499 recusent,

846 2531 988 2613 quid
1032 2531 1271 2594 valeant
1314 2531 1515 2594 umeri.
1585 2529 1680 2593 cui
1725 2530 1879 2594 lecta
1922 2540 2193 2612 potenter
2238 2530 2347 2594 erit
2390 2550 2502 2607 res,

845 2657 952 2700 nec
997 2639 1274 2701 facundia
1316 2641 1543 2701 deseret
1584 2639 1744 2700 hunc
1789 2658 1898 2701 nec
1941 2638 2170 2701 lucidus
2217 2639 2379 2701 ordo,

845 2744 1068 2807 ordinis
1111 2745 1258 2806 haec
1288 2745 1475 2808 virtus
1521 2746 1632 2808 erit
1677 2754 1736 2808 et
1764 2765 1969 2820 venuS,
2016 2754 2120 2808 aut
2164 2766 2269 2827 ego
2300 2745 2490 2820 fallor,

842 2859 909 2914 ut
953 2851 1072 2913 iam
1117 2870 1273 2913 nunc
1319 2853 1479 2914 dicat
1522 2852 1644 2914 iam
1690 2872 1846 2916 nunc
1892 2853 2167 2916 debentia
2211 2853 2346 2931 dici,

842 2959 1120 3038 pleraque
1165 2958 1396 3021 differat
1441 2969 1501 3021 et
1543 2979 1822 3040 praesens
1866 2959 1930 3021 in
1976 2968 2207 3040 tempus
2252 2959 2503 3022 omittat.

841 3065 905 3127 in
949 3064 1146 3127 verbis
1192 3065 1370 3127 etiam
1413 3065 1609 3127 tenuis
1656 3074 1975 3146 cautusque
2020 3066 2280 3129 serendis

843 3171 1062 3234 dixeris
1108 3172 1350 3252 egregie,
1399 3180 1606 3234 notum
1653 3173 1705 3233 si
1752 3172 1971 3235 callida
2014 3176 2258 3236 verbum

842 3278 1160 3341 reddiderit
1204 3278 1473 3340 iunctura
1517 3298 1756 3341 novum.
1826 3279 1877 3342 si
1922 3281 2073 3342 forte
2117 3299 2355 3342 necesse
2403 3288 2493 3340 est

843 3384 1079 3446 indiciis
1123 3393 1451 3447 monstrare
1494 3384 1828 3448 recentibus
1874 3385 2081 3448 abdita
2122 3405 2331 3461 rerum,

842 3492 1056 3571 fingere
1101 3491 1376 3581 cinctutis
1421 3511 1543 3553 non
1589 3491 1869 3554 exaudita
1916 3492 2188 3572 Cethegis

843 3597 1160 3677 continget,
1209 3597 1556 3678 dabiturque
1601 3598 1844 3660 licentia
1888 3601 2124 3678 sumpta
2166 3600 2467 3679 pudenter.

845 3714 904 3767 et
947 3724 1105 3766 nova
1148 3705 1419 3784 factaque
1464 3723 1649 3785 nuper
1693 3705 1998 3768 habebunt
2042 3707 2223 3768 verba
2265 3706 2457 3779 fidem,
2506 3704 2557 3766 si

842 3894 899 3948 in
934 3894 1128 3948 vitium
1164 3893 1318 3949 ducit
1352 3894 1545 3964 culpae
1581 3892 1733 3963 fuga,
1770 3895 1819 3949 si
1835 3899 2006 3950 -caret
2040 3899 2174 3950 arte.

843 3982 948 4038 hoc
983 3987 1147 4054 amet,
1181 3982 1288 4039 hoc
1322 3987 1548 4053 spernat
1579 3982 1836 4053 promissi
1870 3983 2126 4038 carminis
2160 3986 2368 4039 auctor.

669 4157 834 4210 lima
868 4176 1062 4211 mono.
1123 4160 1192 4210 22
1230 4160 1427 4226 quiduis
1464 4181 1496 4225 ς
1531 4160 1745 4227 quoduis
1775 4159 2037 4215 ABEHS

529 4249 681 4297 {ar-ria*
713 4247 972 4302 codicibus
1008 4248 1268 4302 Bentleiue
1325 4248 1446 4300 ficta
1480 4254 1636 4303 ceteri
1670 4248 1806 4304 libri.

2194 4162 2265 4212 49
2298 4161 2435 4213 facta
2470 4179 2498 4215 e
2538 4159 2629 4215 Ge.
2654 4161 2756 4214 Fa-

2780 842 2836 882 32

2781 1162 2839 1203 35

2779 1484 2837 1523 24

2778 2125 2835 2165 30

2778 2336 2834 2376 38

2777 2552 2835 2592 40

2776 3085 2835 3124 46

2778 3505 2836 3547 50

2779 3902 2834 3942 31

2776 3991 2835 4033 45
