3209 5125
286 1477 397 1583 Primo
418 1518 497 1581 dicte
519 1519 601 1595 mihi,
625 1538 740 1585 summe
761 1519 885 1583 dicende
907 1538 1041 1594 comens,

286 1633 449 1705 spectatum
472 1626 545 1691 setis
567 1634 597 1689 et
619 1628 761 1689 donatum
783 1625 843 1689 iarn
865 1626 937 1689 rudo
959 1625 1085 1708 quoeris,

287 1733 456 1807 Maecenas
479 1732 585 1796 iterum
608 1732 801 1831 entiquoxme
824 1732 973 1797 includere
995 1731 1074 1796 ludo.

285 1858 346 1900 non
369 1840 471 1903 endem
493 1847 651 1915 estasim,
675 1859 736 1903 non
758 1858 851 1903 mens.
885 1838 1029 1901 Veianius
1053 1838 1143 1901 ermis

185 1930 192 1943 ⁸
285 1944 422 2006 Herculis
444 1946 483 2009 sd
504 1954 620 2025 postem
641 1945 709 2009 fixis
731 1945 806 2011 latet
827 1945 946 2009 abditus
968 1965 1047 2025 agro,

286 2069 323 2112 ne
344 2050 486 2131 populum
509 2060 640 2115 extreme
661 2050 772 2115 totiens
795 2059 898 2114 exoret
918 2051 1036 2115 harena.

287 2164 332 2217 est
352 2156 426 2217 mihi
448 2166 601 2237 purgatam
625 2160 725 2221 crebro
751 2154 802 2239 qui
824 2165 962 2236 personet
983 2177 1083 2221 eurem

280 2259 375 2325 ‘solve
398 2272 597 2327 senescentem
619 2255 845 2325 nmturebsnus
867 2282 983 2344 equum,
1006 2283 1044 2328 nc

286 2377 388 2449 peccet
410 2370 448 2431 ad
471 2378 632 2433 extremum
654 2369 794 2433 ridendus
817 2377 848 2429 et
869 2368 923 2432 ilis
944 2364 1047 2433 ducat?

287 2494 365 2537 nnnc
388 2474 487 2559 itaque
510 2485 540 2541 ct
560 2496 662 2540 versus
686 2484 715 2539 et
737 2483 835 2539 cetere
857 2474 970 2538 ludicro
991 2495 1088 2555 pono;
1374 2477 1402 2517 ¹⁰

288 2581 359 2664 quid
375 2601 476 2648 verum
496 2592 585 2666 etque
608 2585 723 2659 decens,
748 2603 817 2648 curo
840 2591 871 2645 et
892 2601 963 2662 rogo
988 2591 1018 2646 ct
1039 2582 1137 2646 omnis
1158 2582 1191 2646 in
1206 2583 1263 2646 hoc
1281 2603 1361 2658 sum;

287 2689 382 2752 condo
405 2698 435 2753 et
457 2709 601 2770 compono
626 2711 701 2774 quac
722 2710 794 2754 mox
817 2691 986 2768 depromere
1008 2689 1129 2770 possim.

286 2803 320 2857 ut
342 2815 403 2858 nox
425 2796 515 2877 longo
537 2797 643 2879 quibus
666 2797 807 2860 mentitur
829 2795 934 2870 emico,
957 2795 1079 2879 diesque

286 2903 377 2982 longo
399 2901 514 2965 videtur
536 2923 610 2984 opus
633 2903 823 2978 debentibus,
846 2911 880 2965 ut
901 2902 983 2983 piger
1005 2922 1100 2968 eunus

286 3007 417 3089 pupillis,
442 3028 515 3090 quos
538 3010 612 3075 duro
633 3008 740 3090 premit
762 3009 899 3074 custodie
920 3017 1060 3073 mutuum:

112 3197 115 3200 -
287 3115 330 3176 sic
352 3114 426 3176 mihi
447 3115 534 3180 tnrdo
555 3115 649 3180 fluunt
670 3115 844 3197 ingrutsque
865 3123 1008 3194 temporo,
1034 3133 1109 3196 quos
1130 3132 1213 3195 spem

186 3293 188 3297 ,
287 3221 501 3304 consiliumque
523 3229 674 3286 morentur
696 3222 802 3303 egendi
824 3221 958 3303 gnaviter
980 3221 1020 3294 id,
1045 3221 1124 3302 quod

287 3347 379 3410 aeque
400 3328 577 3408 pauperibus
600 3329 727 3408 prodest,
751 3327 948 3407 locupletibus
970 3346 1072 3408 acque,
1374 3336 1402 3376 2⁵
1476 3411 1481 3418 ι

287 3453 379 3516 oeque
401 3435 566 3516 neglectum
588 3434 685 3515 pueris
708 3434 886 3516 senibusque
909 3432 1036 3499 nocebit

287 3561 322 3604 ac
344 3561 382 3603 ne
404 3542 479 3606 forte
500 3561 594 3621 roges,
619 3560 676 3624 quo
700 3560 747 3604 me
769 3542 852 3615 duce,
877 3560 935 3624 quo
958 3540 1019 3604 lure
1041 3546 1133 3602 tuter:
1374 3551 1402 3592 ιε

287 3648 396 3710 nullius
418 3647 553 3714 addictus
576 3647 670 3712 iurare
693 3647 724 3712 in
742 3649 839 3712 verbe
859 3643 992 3725 magistri

288 3774 345 3836 quo
368 3773 415 3816 me
438 3773 560 3834 cumque
581 3753 660 3834 rapit
681 3760 841 3832 tempestus
864 3752 978 3816 deferor
998 3749 1115 3830 hospes.

166 3838 178 3864 ⁹
287 3879 365 3922 nunc
387 3859 473 3940 egilis
495 3861 533 3926 fio
557 3867 587 3924 st
608 3879 720 3926 mersor
742 3857 880 3924 civilibus
902 3856 999 3932 nudis.

308 3965 314 3979 ⁸
344 3965 403 4029 utis
423 3983 510 4027 verse
533 3973 632 4026 custos
654 3964 823 4048 rigidusque
846 3964 980 4038 satelles3

198 4076 234 4130 25
286 4071 418 4133 nuncin
441 4069 589 4150 Aristippi
612 4071 711 4134 sentim
733 4080 890 4152 praecepte
910 4069 1036 4143 relabor,

286 4175 410 4238 etmihi
432 4195 489 4250 res,
513 4195 574 4238 non
596 4197 643 4242 mc
665 4178 753 4242 rebus
777 4176 951 4256 subiungere
974 4194 1073 4239 conor.

1096 4275 1110 4327 1
1122 4271 1141 4308 b
