3209 5125
688 518 718 581 Q.
731 517 865 571 HORATI
881 518 1003 570 runem

394 680 517 759 grandia
539 679 650 741 laturus
673 679 842 742 meritomm
864 679 1003 759 praemia.
1039 680 1109 759 quid
1132 675 1227 741 stasl’

393 787 556 865 posthaec
579 786 630 848 ille
653 795 745 861 catus,
771 786 961 865 quantumvis
983 785 1119 861 rusticus,
1140 781 1217 860 ‘ibit

394 892 451 954 ibit
473 912 507 954 eo
531 912 589 972 quo
612 893 658 955 vis
682 892 732 972 qui
754 911 861 953 zonam
883 887 1026 970 perdidit’
1050 892 1156 973 inquit.

392 998 507 1060 Rornae
530 999 635 1060 nutriri
657 999 730 1060 mihi
754 998 879 1078 contigit
901 1007 990 1078 atque
1012 998 1110 1060 doceri

392 1104 483 1166 iratus
507 1104 597 1167 Grais
621 1113 763 1193 quantum
787 1106 937 1167 nocuisset
959 1104 1104 1168 Achilles.

393 1211 524 1273 adiecere
545 1214 643 1274 bonae
665 1212 766 1292 paullo
788 1212 856 1292 plus
878 1212 951 1273 artis
973 1210 1120 1287 Athenae,

394 1317 507 1379 seilicet
528 1327 561 1379 ut
583 1318 690 1380 vellem
714 1339 802 1381 curvo
827 1319 997 1399 dignoscere
1019 1326 1130 1379 rectum

393 1432 482 1503 atque
504 1424 581 1486 inter
604 1425 695 1487 silvas
718 1425 864 1487 Academi
888 1442 1025 1504 quaerere
1047 1444 1156 1485 verum.

394 1532 467 1592 dura
489 1533 541 1593 sed
564 1552 697 1593 emovere
719 1532 785 1594 loco
809 1552 856 1593 me
879 1540 1012 1610 tempora
1034 1539 1127 1609 grato,
1205 1605 1207 1610 Ι

393 1636 548 1717 civilisque
569 1639 670 1699 rudem
693 1638 765 1700 belli
787 1639 856 1699 tulit
878 1645 977 1699 aestus
999 1636 1030 1696 in
1053 1656 1135 1698 arma

395 1742 529 1804 Caesaris
553 1743 682 1824 Augusti
705 1764 765 1805 non
788 1764 965 1823 responsura
987 1743 1114 1805 lacertis.

393 1851 471 1911 unde
495 1849 589 1910 semul
610 1850 736 1929 primum
756 1870 806 1911 me
829 1849 965 1911 dimisere
987 1848 1128 1929 Philippi,

394 1954 500 2015 decisis
523 1956 663 2018 humilem
686 1956 786 2037 pinnis
809 1956 986 2036 inopemque
1007 1955 1123 2035 paterni

394 2069 424 2122 et
445 2060 516 2122 laris
540 2070 569 2123 et
591 2064 674 2125 fundi
695 2072 853 2143 paupertas
876 2062 994 2142 impulit
1015 2064 1114 2124 audam

394 2176 427 2228 ut
449 2188 549 2229 versus
573 2170 711 2231 facerem:
736 2171 787 2231 sed
812 2171 891 2249 quod
913 2189 973 2231 non
997 2167 1074 2229 desit
1095 2168 1253 2230 habentem
1271 2202 1274 2208 ·

395 2294 471 2353 quae
492 2283 630 2355 potemnt
652 2296 792 2355 umquam
816 2260 890 2337 satis
914 2294 1074 2355 expurgare
1097 2274 1219 2349 cicutae,

394 2381 425 2441 ni
449 2381 553 2443 melius
577 2382 703 2443 dormire
726 2390 827 2461 putem
850 2402 938 2462 quam
961 2381 1088 2443 seribere
1110 2381 1232 2443 versus?

439 2595 559 2656 Praeter
581 2605 677 2656 cetera
699 2615 746 2656 mc
767 2595 921 2657 Romaene
943 2603 1082 2674 poemata
1104 2613 1205 2656 censes

396 2700 521 2762 scribere
543 2721 632 2781 posse
655 2702 731 2763 inter
753 2709 799 2762 tot
822 2721 905 2763 curas
928 2709 1031 2780 totque
1053 2701 1191 2763 labores?

395 2805 444 2867 hio
467 2826 607 2885 sponsum
630 2815 726 2882 vocat,
749 2807 798 2869 hic
821 2808 954 2869 auditum
977 2807 1088 2887 scripta
1109 2807 1220 2868 relictis

395 2912 531 2974 omnibus
555 2911 676 2988 officiis3
702 2916 790 2977 cubat
812 2914 861 2974 hic
885 2914 915 2974 in
939 2914 1015 2976 colle
1038 2913 1165 2988 Quirini,

394 3019 444 3080 hic
467 3027 596 3081 extremo
620 3019 652 3079 in
673 3019 836 3095 Aventino,
860 3021 999 3082 visendus
1022 3029 1157 3100 uterque:

395 3126 551 3187 intervalla
574 3126 656 3186 vides
679 3126 793 3187 homini
815 3126 867 3188 uni
889 3129 1052 3189 commoda.
1080 3125 1195 3188 ‘verum

395 3253 484 3312 purae
508 3241 576 3294 suut
598 3232 723 3311 plateae,
747 3233 823 3294 nihil
845 3242 879 3294 ut
901 3233 1112 3296 meditantibus
1136 3225 1247 3295 obstet?

397 3339 518 3400 festinat
541 3338 654 3400 calidus
677 3339 764 3400 mulis
787 3340 955 3420 gerulisque
976 3342 1157 3419 redemptor3

395 3454 512 3524 torquet
534 3465 613 3506 nune
634 3445 772 3525 lapidem,
797 3466 875 3506 nuuc
898 3447 1001 3526 ingens
1023 3446 1161 3508 machina
1182 3444 1311 3525 tignum;

395 3551 492 3613 tristia
514 3551 643 3614 robustis
666 3552 814 3614 luctantur
836 3553 939 3614 funera
960 3552 1116 3632 plaustris3

395 3658 452 3720 hae
474 3658 593 3730 rabiosa
615 3657 688 3737 fugit
710 3659 803 3738 canis²
828 3660 884 3721 hac
906 3659 1051 3721 lutulenta
1071 3658 1131 3720 ruit
1152 3676 1218 3732 sus;

397 3764 545 3826 caedimur
568 3773 597 3826 et
618 3765 742 3826 totidem
765 3766 860 3846 plagis
883 3765 1082 3832 consumimus
1104 3765 1220 3826 hostem

395 3871 476 3933 lento
501 3872 651 3934 Samnites
674 3873 713 3932 ad
736 3871 848 3933 lumina
869 3871 965 3951 prima
987 3872 1100 3933 duello:

396 3978 407 4039 i
430 3998 508 4040 nunc
530 3987 560 4040 et
582 3998 683 4040 versus
706 3986 803 4040 tecum
825 3978 966 4040 meditare
989 3998 1122 4041 canoros,

283 4148 315 4160 ¹-—

355 4223 440 4273 Vama
458 4239 554 4273 uncum.
585 4222 621 4271 44
638 4221 730 4272 uellem
747 4241 783 4292 95
802 4238 904 4287 possem
921 4221 1019 4275 Briso
1097 4221 1132 4271 49
1150 4218 1230 4270 semul
1247 4217 1273 4270 R
1289 4181 1402 4288 1111111119

284 4311 358 4362 simul
376 4318 452 4365 celeri
469 4310 530 4363 libri
595 4309 736 4364 6011011ιί111
753 4308 797 4360 uni
810 4309 835 4360 R
847 4310 956 4360 humane
972 4309 1020 4374 (cel
1036 4309 1145 4380 humane
1163 4313 1192 4360 111
1205 4313 1234 4360 Ψ
1243 4325 1275 4358 m.
1290 4301 1402 4372 1Ῐὶἰὸνῦ
