3209 5125
573 428 819 479 uPlsuvuAnvm
839 431 903 481 LlB.
916 432 948 480 11.
961 431 986 481 2.

329 593 454 653 tendunt
476 600 649 673 extorquere
671 600 818 671 poemata.
854 592 924 674 quid
946 592 1053 655 faciam
1074 593 1120 655 vis

330 698 476 779 denique?
504 717 565 759 non
589 716 691 759 omues
716 700 817 761 eadem
840 698 984 760 mirantur
1005 708 1177 781 amantque:

331 803 459 866 carmine
482 812 515 865 tu
537 804 655 884 gaudes,
678 803 727 867 hic
750 805 911 867 delectatur
933 805 1050 879 iambis,

329 909 380 971 ille
402 910 525 972 Bioneis
548 908 732 973 sermonibus
755 918 785 971 et
807 911 870 973 sale
891 911 984 992 nigro.
1363 930 1391 970 oo

330 1016 400 1097 quid
423 1017 510 1077 dem?
534 1015 604 1097 quid
627 1035 688 1077 uon
711 1018 797 1079 dem?
820 1018 918 1079 renuis
941 1027 975 1079 tn
998 1021 1077 1100 quod
1099 1019 1181 1083 iubet
1202 1022 1292 1096 alter3
1362 1035 1391 1074 σε

330 1124 409 1205 qnod
432 1122 517 1202 petis,
541 1122 574 1185 id
596 1142 667 1183 sane
690 1132 736 1185 est
757 1122 886 1185 invisum
908 1124 1084 1206 acidumque
1106 1128 1229 1189 duobus.

329 1238 388 1291 tres
410 1228 494 1290 mihi·
508 1228 651 1291 convivae
673 1249 763 1310 prope
785 1230 942 1293 dissentire
963 1231 1108 1306 videntur,
1362 1251 1389 1290 er

328 1344 483 1416 poscentes
505 1335 588 1397 vario
611 1336 736 1399 multum
758 1336 876 1398 diversa
897 1335 1007 1415 palato.

371 1547 519 1611 Nimirum
542 1567 644 1628 sapere
667 1557 712 1610 est
734 1548 859 1612 abiectis
881 1548 953 1611 utile
975 1549 1061 1631 nugis

328 1664 358 1716 et
379 1654 587 1735 tempestivum
609 1654 706 1734 pueris
730 1657 889 1719 concedere
912 1656 1022 1730 ludum,
1138 1651 1169 1710 Γ
1184 1629 1283 1651 “A

327 1782 362 1823 ac
386 1780 445 1823 non
469 1764 560 1823 verba
583 1761 666 1843 sequi
688 1761 795 1825 fidibus
818 1763 999 1825 modulanda
1020 1763 1147 1838 Latinis,

327 1870 378 1930 sed
400 1886 486 1929 verae
509 1886 703 1949 nmnerosque
725 1869 889 1949 modosque
912 1868 1041 1943 ediscere
1063 1870 1151 1933 vitae.

328 1974 465 2057 quocirca
486 1993 601 2037 mecum
623 1974 728 2055 loquor
750 1975 824 2037 haec
846 1975 1011 2055 tacitusque
1034 1977 1178 2039 recordor.

327 2080 352 2142 si
374 2080 430 2143 tibi
453 2081 536 2143 nulla
559 2081 639 2143 sitim
661 2080 758 2141 finiret
781 2080 868 2159 copia
890 2080 1037 2162 lymphae,

326 2206 459 2249 narrares
482 2187 619 2251 medicis:
645 2187 723 2267 quod
748 2195 859 2267 quanto
883 2187 968 2267 plura
989 2188 1111 2267 parasti,

325 2302 409 2355 tanto
433 2295 518 2376 plura
539 2294 631 2374 cupis,
655 2292 768 2355 nulline
790 2294 908 2355 faterier
929 2294 1039 2355 audes?

327 2400 353 2461 si
375 2401 481 2463 volnus
504 2400 560 2465 tibi
582 2408 747 2463 monstrata
768 2400 867 2462 radice
889 2400 938 2461 vel
960 2401 1052 2463 herba

327 2526 387 2569 non
410 2510 491 2570 fieret
513 2507 616 2581 levius
640 2507 751 2587 fugeres
774 2507 872 2570 radice
895 2506 943 2568 vel
965 2507 1057 2571 herba

326 2615 495 2694 proficiente
518 2615 593 2676 nihil
616 2614 757 2676 curarier:
780 2615 926 2688 audieras,
951 2615 998 2676 cui

326 2740 388 2782 rem
411 2721 441 2782 di
464 2722 617 2796 donarent,
642 2721 687 2783 illi
710 2722 849 2784 decedere
870 2741 992 2800 pravam

327 2827 492 2902 stultitiam,
516 2837 546 2891 et
568 2848 634 2890 cum
656 2828 698 2890 sis
721 2828 815 2891 nihilo
839 2827 1001 2908 sapientior
1022 2848 1060 2890 ex
1084 2849 1141 2911 quo

327 2934 442 3014 plenior
464 2955 505 3009 es,
528 2943 628 2997 tamen
650 2934 740 2996 uteris
762 2934 958 2998 monitoribus
981 2935 1095 2997 isdem?

327 3049 359 3102 at
381 3041 407 3101 si
429 3041 551 3105 divitiae
571 3044 744 3122 prudentem
766 3042 886 3103 reddere
907 3050 1038 3121 possent,

327 3147 354 3208 si
377 3147 514 3227 cupidum
536 3148 730 3228 timidumque
752 3147 850 3209 minus
872 3156 916 3208 te:
943 3168 1049 3229 nempe
1070 3151 1198 3222 nuberes,

326 3253 439 3315 viveret
461 3253 493 3313 iu
515 3251 600 3314 terris
622 3261 652 3313 te
676 3253 768 3333 siquis
791 3254 908 3316 avarior
929 3274 998 3318 uno.

372 3464 407 3528 Si
421 3463 571 3546 proprium
587 3474 632 3528 est
648 3465 726 3546 quod
742 3465 809 3546 quis
824 3465 901 3528 libra
920 3476 1065 3530 mercatus
1080 3477 1110 3530 et
1123 3488 1191 3532 aere
1206 3478 1260 3544 est,

328 3573 480 3652 quaedam,
504 3571 530 3632 si
553 3571 648 3634 credis
671 3570 824 3646 consultis,
847 3572 998 3652 mancipat
1019 3593 1106 3636 usus:

327 3678 377 3758 qui
399 3686 430 3740 te
452 3677 548 3758 pascit
569 3695 646 3756 ager,
670 3687 737 3739 tuus
761 3686 822 3753 est3
852 3687 883 3740 et
899 3679 1011 3762 ⁴vilicus
1033 3679 1117 3754 Orbi,

227 3837 230 3844 .
327 3804 392 3845 oum
415 3792 527 3864 segetes
551 3793 635 3847 occat
657 3785 713 3848 tibi
735 3804 808 3846 mox
829 3785 974 3848 frumenta
995 3787 1124 3860 daturas,

324 3899 354 3952 te
377 3891 528 3952 domiuum
551 3892 649 3953 sentit.
685 3893 737 3954 das
761 3911 911 3953 nummos:
934 3892 1045 3972 accipis
1067 3913 1155 3956 uvam

325 3997 422 4078 pullos
447 4017 512 4071 oua,
537 3999 641 4059 cadum
663 3999 773 4060 temeti.
809 4019 913 4079 nempe
936 4002 1023 4062 modo
1047 4008 1093 4061 sto

284 4222 368 4273 Vnam
382 4239 478 4276 anemo.
516 4223 567 4280 163
586 4232 625 4278 sto
644 4224 1012 4303 Lachmconuehucr.p.197
1048 4228 1097 4280 isto
1115 4228 1183 4281 nors.
