3209 5125
540 468 555 477 .
661 427 691 487 Q.
710 426 843 477 HORA'l'l
860 426 982 477 runem

374 599 406 652 at
430 590 480 672 qui
503 589 664 669 legitimum
687 588 785 668 cupiet
807 588 911 649 fecisse
932 596 1048 668 poema,

374 717 439 759 cum
462 696 572 758 tabulis
596 692 726 757 animum
750 695 880 757 censoris
903 703 999 756 sumet
1020 696 1153 757 honesti:

374 802 495 865 audebit
518 820 717 883 quaecumque
739 820 843 880 parum
866 801 1031 881 splendoris
1053 802 1205 864 habebunt

375 918 404 970 et
426 910 490 969 sine
511 909 641 987 pondere
664 915 748 968 erunt
771 908 935 970 ethonore
957 906 1078 988 indigna
1100 908 1228 974 ferentur

374 1018 465 1077 verbe
486 1033 604 1075 movere
627 1013 703 1089 loco,
728 1014 863 1096 quamvis
886 1014 982 1075 invita
1002 1016 1142 1076 recedant

376 1131 405 1183 et
427 1129 578 1183 versentur
600 1121 696 1182 adhuc
718 1121 796 1182 intra
818 1119 981 1200 penetralia
995 1119 1122 1196 Vestae3

376 1230 532 1290 obscurata
554 1227 605 1288 diu
627 1228 735 1307 populo
759 1230 857 1289 bonus
880 1234 960 1287 emet
982 1235 1071 1308 atque

377 1334 503 1415 proferet
524 1334 557 1394 in
579 1333 674 1395 lucem
697 1334 832 1413 speciosa
853 1334 999 1395 vocabula
1020 1353 1125 1408 rerum,

376 1460 451 1523 quae
472 1440 577 1520 priscis
600 1450 763 1502 memorata
787 1440 951 1501 Catonibus
974 1448 1063 1521 atque
1086 1440 1223 1521 Cethegis

376 1567 454 1609 nunc
476 1548 550 1608 situs
574 1546 706 1608 informis
729 1548 837 1627 premit
859 1555 890 1607 et
911 1548 1027 1608 deserta
1048 1556 1196 1622 vetustas3

376 1652 521 1715 adsciscet
542 1672 631 1727 nova,
656 1673 731 1734 quae
754 1653 868 1732 genitor
890 1653 1061 1733 produxerit
1082 1675 1162 1716 usus.

376 1779 496 1822 vemens
520 1768 549 1820 et
571 1759 701 1840 liquidus
724 1780 856 1841 puroque
879 1759 1047 1821 simillimus
1069 1760 1150 1822 amni

376 1867 479 1927 fundet
502 1885 572 1945 opes
594 1865 772 1948 Latiumque
794 1866 897 1928 beabit
919 1865 1011 1927 divite
1033 1866 1150 1947 lingua3

377 1971 558 2034 luxuriantia
580 1981 755 2051 compescet,
779 1972 868 2034 nimis
891 1992 996 2052 aspera
1017 1992 1090 2033 sano

378 2079 489 2141 levabit
511 2078 600 2153 cultu,
624 2078 732 2140 virtute
755 2057 888 2141 carentid
907 2078 1001 2140 tollet.

378 2185 506 2247 ludentis
530 2185 657 2265 speciem
680 2185 764 2248 dabit
785 2194 816 2247 et
837 2186 1021 2267 torquebitur
1041 2194 1075 2247 ut
1098 2186 1148 2268 qui

377 2312 455 2355 nunc
479 2292 628 2373 Satyrum,
653 2311 731 2354 nunc
753 2300 897 2372 agrestem
921 2292 1053 2373 Cyclopa
1074 2301 1216 2355 movetur.

378 2398 566 2479 praetulerim
589 2398 715 2478 scriptor
737 2397 846 2460 delims
868 2398 1005 2480 inersque
1026 2398 1128 2473 videri,

378 2507 448 2568 dum
470 2524 537 2567 mea
559 2504 705 2567 delectent
727 2505 808 2568 mala
828 2518 881 2567 me·
897 2505 946 2567 vel
968 2505 1094 2588 denique
1117 2505 1230 2581 fallant,

380 2633 468 2694 quam
491 2631 593 2692 sapere
616 2621 645 2673 et
667 2612 751 2692 ringi.
785 2612 842 2674 fuit
862 2613 942 2674 band
963 2612 1103 2693 ignobilis
1125 2613 1216 2693 Argis

380 2720 430 2801 qui
454 2739 485 2780 se
508 2720 646 2781 credebat
667 2719 759 2781 miros
782 2719 883 2779 audire
906 2721 1061 2799 tragoedos

379 2826 410 2887 in
433 2845 526 2887 vacuo
549 2825 644 2886 laetus
668 2845 765 2886 sessor
786 2827 964 2906 plausorque
986 2826 1112 2900 theatro,

380 2941 476 2994 cetera
499 2931 550 3012 qui
572 2931 651 2992 vitae
674 2939 803 2993 servaret
824 2932 926 2994 munia
947 2941 1027 2994 recto

380 3043 469 3112 mete,
493 3040 590 3100 bonus
613 3057 684 3100 sane
707 3038 832 3113 vicinus,
856 3039 993 3100 amabilis
1015 3039 1133 3119 hospes,

379 3145 472 3208 comis
495 3145 526 3205 in
549 3164 680 3220 uxorem,
704 3153 807 3225 posset
829 3146 879 3227 qui
902 3145 1053 3225 ignoscere
1075 3145 1168 3207 servis

379 3261 408 3313 et
430 3252 514 3331 signo
540 3251 620 3312 laeso
644 3271 703 3313 non
727 3251 857 3314 insanire
878 3251 1029 3332 lagoenae,

378 3366 479 3439 posset
502 3358 552 3439 qui
574 3377 676 3438 rupem
699 3365 728 3419 et
750 3367 871 3438 puteum
893 3358 987 3420 vitare
1008 3366 1167 3438 petentem.
1250 3399 1253 3404 -

378 3465 427 3526 hic
449 3464 501 3527 ubi
524 3473 714 3545 cognatorum
740 3465 846 3545 opibus
870 3465 1005 3546 curisque
1026 3466 1151 3527 refectus

380 3571 493 3652 expulit
516 3571 643 3632 elleboro
667 3574 802 3634 morbum
823 3572 971 3654 bilemque
993 3591 1109 3633 meraco

381 3687 410 3738 et
431 3679 508 3740 redit
530 3679 568 3740 ad
591 3697 663 3753 sese,
682 3675 744 3758 ‘pol
767 3699 816 3740 me
838 3679 997 3752 occidistis,
1022 3677 1119 3751 amici,

380 3804 442 3846 non
465 3780 619 3846 servastis³
646 3785 697 3859 ait,
716 3783 775 3846 ‘cui
799 3786 842 3846 sic
865 3794 981 3847 extorta
1002 3784 1140 3864 voluptas

381 3901 410 3952 et
432 3893 567 3972 demptus
589 3891 725 3970 pervim
748 3891 856 3952 mentis
878 3891 1062 3971 gratissimus
1084 3886 1177 3954 error?

426 4103 550 4183 Singula
573 4104 609 4164 de
632 4102 719 4165 nobis
742 4103 814 4164 anni
836 4105 1013 4182 praedantur
1035 4112 1150 4165 euntes:

381 4209 510 4302 eripuere
532 4209 613 4270 iocos
636 4228 771 4270 venerem
794 4209 932 4271 convivia
953 4211 1062 4287 ludum,
