3209 5125
570 444 816 496 EPISTVLARVM
832 445 896 495 LIB.
911 446 930 496 1.
943 446 967 496 3.

744 802 799 897 lll

299 1032 357 1093 Iuli
379 1032 476 1107 Flore,
501 1032 606 1115 quibos
629 1040 771 1094 terrarum
793 1032 901 1094 militet
924 1034 983 1095 oris

301 1138 442 1201 Claudius
464 1138 593 1219 Augusti
616 1138 776 1219 privignus,
800 1139 874 1202 scire
897 1140 1009 1203 laboro.

300 1246 453 1308 Thracane
475 1265 529 1308 vos
551 1247 727 1327 Hebrusque
750 1245 843 1308 nivali
866 1248 1006 1326 compede
1028 1247 1154 1323 vinctus,

299 1372 338 1414 an
360 1352 434 1414 freta
455 1351 569 1414 vicinas
592 1351 668 1413 inter
690 1352 836 1414 currentia
857 1353 954 1427 turris,

299 1478 338 1520 an
360 1459 483 1540 pingues
507 1457 599 1521 Asiae
622 1458 718 1538 campi
742 1459 891 1541 collesque
912 1461 1084 1523 morantur?
1356 1481 1369 1520 a

300 1565 371 1647 quid
394 1566 528 1628 studiosa
550 1566 655 1627 cohors
679 1585 799 1645 operum
822 1566 928 1628 struit?
952 1568 1009 1629 hoc
1033 1588 1150 1651 quoque
1173 1589 1251 1631 curo.

300 1672 366 1754 quis
390 1672 448 1735 sibi
470 1692 516 1734 res
539 1680 636 1753 gestas
659 1672 788 1753 Augusti
811 1674 937 1735 scribere
960 1675 1068 1737 sumit?

299 1779 378 1842 bella
401 1779 466 1861 quis
489 1788 519 1841 et
540 1798 628 1860 paces
651 1779 771 1859 longum
793 1772 931 1842 diffundit
953 1780 984 1843 in
1006 1784 1133 1844 aevum?

301 1886 391 1967 quid?
414 1886 520 1961 Titius,
544 1887 683 1948 Romana
704 1887 787 1949 brevi
810 1897 949 1950 venturus
971 1889 1002 1949 io
1026 1909 1086 1964 ora,

299 1993 450 2055 Pindarici
472 1994 563 2055 fontis
587 1993 637 2075 qui
660 2013 720 2055 uon
744 1994 889 2074 expalluit
910 1995 1041 2070 haustus,

300 2100 431 2161 fastidire
454 2100 535 2161 lacus
559 2108 588 2160 et
610 2099 689 2161 rivos
712 2120 801 2161 ausus
823 2111 950 2181 apertos,

300 2215 333 2269 ut
355 2207 454 2269 valet?
475 2216 509 2267 ut
530 2204 665 2267 meminit
687 2206 800 2268 nostri?
821 2206 966 2269 fidibusne
988 2207 1106 2269 Latinis

301 2315 459 2377 Thebanos
481 2322 582 2393 aptare
604 2314 708 2394 modos
731 2315 830 2375 studet
851 2314 971 2394 auspice
993 2316 1089 2390 Musa,

300 2441 338 2483 an
361 2420 473 2501 tragica
495 2420 627 2482 desaevit
650 2429 679 2481 et
701 2420 879 2500 ampullatur
900 2421 932 2481 in
954 2422 1036 2483 arte?

301 2528 372 2611 quid
394 2528 467 2590 mihi
491 2526 594 2590 Celsus
617 2526 697 2608 agit?
719 2528 849 2590 monitus
871 2527 1053 2611 multumque
1074 2531 1247 2606 monendus,

299 2637 431 2717 privatas
453 2645 487 2697 ut
510 2644 631 2717 quaerat
654 2654 725 2714 opes
748 2644 777 2696 et
799 2644 918 2716 tangere
940 2636 1014 2698 vitet

300 2743 410 2823 scripta
431 2743 585 2804 Palatinus
608 2763 808 2824 quaecumque
829 2743 939 2822 recepit
960 2742 1083 2822 Apollo,

301 2870 347 2925 ne,
372 2850 398 2910 si
420 2850 495 2912 forte
518 2871 586 2913 suas
608 2850 764 2931 repetitum
787 2850 901 2912 venerit
923 2849 995 2911 olim

301 2977 372 3038 grex
393 2957 493 3019 avium
515 2958 639 3037 plumae,
664 2965 783 3018 moveat
806 2956 955 3018 cornicula
976 2955 1068 3018 risum

300 3063 416 3126 furtivis
440 3065 550 3126 nudata
572 3063 727 3126 coloribus.
762 3063 827 3143 ipse
850 3063 921 3145 quid
942 3065 1052 3125 audes?

302 3191 377 3254 quae
400 3171 617 3233 circumvolitas
640 3171 726 3250 agilis
748 3171 871 3252 thyma?
897 3190 957 3232 non
980 3170 1036 3253 tibi
1058 3190 1181 3250 parvum

301 3277 460 3358 ingenium,
483 3296 544 3338 non
566 3277 709 3339 incultum
732 3286 777 3339 est
798 3287 828 3338 et
849 3277 972 3357 turpiter
992 3277 1115 3338 hirtum:

302 3404 353 3446 seu
374 3384 505 3464 linguam
528 3384 624 3446 causis
647 3384 737 3459 aenio,
762 3404 814 3445 seu
830 3384 925 3446 civica
946 3384 1012 3445 iura

300 3493 475 3571 respondere
498 3510 596 3571 paroc,
620 3511 671 3552 seu
694 3489 796 3552 condis
819 3491 947 3552 amabile
970 3510 1096 3566 cannen,

300 3599 396 3679 prima
417 3599 491 3659 feres
514 3599 617 3659 ederae
638 3595 767 3658 victricis
790 3597 929 3676 praemia.
963 3598 1043 3678 quod
1065 3597 1090 3657 si

301 3704 406 3785 frigida
429 3724 561 3766 curarum
584 3704 715 3766 fomenta
735 3703 900 3784 relinquere
921 3722 1034 3783 posses,

302 3831 359 3892 quo
382 3820 413 3872 te
436 3810 571 3873 caelestis
594 3811 740 3891 sapientia
762 3811 880 3872 duceret
901 3810 967 3871 ires.

300 3920 357 3980 hoc
380 3937 463 3999 opus,
486 3919 543 3979 hoc
566 3919 694 3979 studium
716 3917 800 3997 parvi
822 3936 1009 3997 properemus
1032 3926 1061 3978 et
1083 3916 1184 3996 ampli,

303 4025 328 4085 si
351 4025 463 4105 patriae
486 4024 630 4100 volumno,
654 4025 680 4086 si
703 4025 790 4086 nobis
814 4024 912 4086 vivere
934 4023 1003 4085 cari.

302 4133 392 4193 debes
414 4131 471 4192 hoc
494 4130 583 4192 etiam
605 4132 772 4205 rescribere,
796 4129 837 4191 sit
857 4130 914 4193 tibi
938 4149 1023 4192 curae

303 4247 430 4319 quantae
454 4237 610 4299 conveniat
632 4237 792 4299 Munatius
826 4257 864 4298 an
887 4238 964 4299 male
987 4247 1067 4299 sarta
