3209 5125
685 472 715 535 Q.
733 472 866 525 Hortum
884 473 1004 525 nancel

394 643 424 695 te
446 634 552 709 solum,
575 634 632 697 tibi
655 629 800 715 pulcher'.
836 635 970 697 adhaec
993 654 1046 714 ego
1070 634 1190 696 naribus
1213 634 1256 696 uti

394 742 519 803 formido
544 751 582 815 et
606 742 747 803 luctantis
770 750 857 803 acuto
881 762 919 803 ne
940 762 1022 804 secer
1043 742 1142 821 ungui,

389 846 540 928 ‘displicet
562 848 618 909 iste
640 843 739 910 locus'
765 848 861 909 clamo
885 857 915 909 et
937 849 1051 911 diludia
1072 868 1172 929 posco.

394 954 481 1017 ludus
504 954 582 1016 enim
605 954 706 1035 genuit
727 954 874 1034 trepidum
897 963 1043 1017 certamen
1066 965 1096 1017 ct
1117 956 1201 1030 iram

393 1062 437 1124 ira
459 1070 555 1125 truces
578 1052 750 1123 inimicitias
774 1071 803 1123 et
826 1062 946 1124 funebre
968 1063 1087 1124 bellum.

799 1435 887 1530 XX

436 1701 631 1763 Vertumnum
654 1700 826 1782 humoque,
850 1700 934 1775 liber,
959 1708 1090 1780 spectare
1114 1700 1231 1774 videris,

393 1806 506 1869 scilicet
527 1817 560 1869 ut
582 1818 697 1887 prostes
721 1807 876 1871 Sosiorum
899 1806 1013 1886 pumice
1036 1809 1170 1869 mundus.

376 1914 482 1987 ⁴odisti
505 1914 597 1976 clavis
621 1924 649 1976 et
672 1924 755 1995 grata
778 1914 877 1994 sigilla
898 1914 1022 1994 pudico;

391 2021 493 2100 paucis
517 2021 632 2083 ostendi
655 2021 746 2101 gemis
770 2030 799 2081 et
822 2021 989 2083 communia
1010 2022 1123 2096 laudas,

393 2128 518 2189 nonita
541 2128 675 2190 nutritus,
711 2130 777 2208 fuge
801 2148 858 2209 quo
883 2130 1058 2190 descendere
1080 2128 1179 2208 gestis.

391 2255 452 2296 non
475 2236 529 2296 erit
552 2236 659 2297 emisso
682 2235 793 2297 reditus
815 2235 880 2297 tibi.
911 2232 993 2315 ‘quid
1016 2234 1105 2296 miser
1127 2234 1193 2314 egi?

392 2342 461 2423 quid
484 2338 600 2403 volui?’
638 2342 727 2417 dices,
750 2342 802 2404 ubi
826 2342 896 2423 quid
919 2351 949 2403 te
971 2341 1089 2402 laeserit
1096 2361 1105 2415 ;
1130 2350 1159 2401 et
1181 2341 1240 2404 scis

390 2448 421 2509 in
443 2450 532 2510 breve
554 2458 584 2509 te
607 2449 681 2529 cogi,
706 2469 771 2510 cum
794 2449 898 2528 plenus
921 2448 1041 2528 languet
1063 2456 1185 2510 amator.

390 2553 498 2618 ridebit
519 2556 648 2618 monitor
670 2576 730 2617 non
753 2555 918 2630 exauditus,
941 2564 975 2617 ut
995 2555 1047 2616 ille

390 2662 440 2745 qui
462 2663 539 2724 male
562 2673 712 2743 parentem
735 2663 766 2724 in
788 2683 876 2743 mpes
899 2662 1041 2742 protrusit
1058 2662 1182 2724 asellum

391 2769 497 2830 iratus:
522 2770 587 2850 quis
611 2771 688 2831 enim
711 2770 838 2831 invitum
862 2789 978 2831 servare
1000 2768 1134 2831 laboret?

389 2877 468 2958 quod
491 2876 517 2936 si
540 2896 600 2937 non
624 2877 692 2939 odio
715 2877 866 2957 peccantis
889 2877 998 2957 desipit
1018 2896 1117 2956 augur,

390 3002 474 3044 carus
497 2983 553 3044 eris
576 2984 699 3059 Romae,
724 2986 819 3046 donec
840 2993 870 3045 te
893 2985 1008 3045 deserat
1030 2991 1126 3044 aetas:

389 3098 585 3152 contrectatus
608 3091 659 3153 ubi
682 3091 818 3152 manibus
841 3082 1008 3152 sordescere
1030 3089 1110 3170 volgi

390 3197 530 3277 coeperis
554 3207 606 3259 aut
627 3197 723 3259 tineas
746 3217 849 3277 pasces
872 3196 1034 3259 taciturnus
1057 3196 1160 3258 inertis

389 3312 440 3364 aut
461 3304 553 3383 fugies
575 3304 695 3367 Uticam
718 3314 770 3366 aut
792 3305 909 3366 vinctus
932 3304 1056 3366 mitteris
1078 3304 1214 3365 Ilerdam.

389 3409 446 3471 hoc
470 3430 586 3492 quoque
608 3421 638 3473 te
661 3420 769 3486 manet,
793 3421 827 3473 ut
848 3430 953 3492 pueros
976 3411 1121 3473 elementa
1143 3412 1297 3473 docentem

390 3526 512 3597 occupet
534 3518 672 3579 extremis
696 3516 727 3578 in
750 3518 824 3580 vicis
848 3518 938 3581 balba
960 3527 1103 3581 senectus.

390 3856 455 3897 omn
478 3836 534 3898 tibi
557 3836 603 3898 sol
624 3837 741 3917 tepidus
763 3837 856 3917 pluris
878 3838 1043 3900 admoverit
1065 3857 1158 3912 aures,

388 3963 436 4005 me
457 3943 596 4005 libertino
618 3953 720 4006 uatum
743 3952 827 4024 patre
849 3950 878 4004 et
900 3943 932 4005 in
954 3946 1035 4007 tenui
1058 3965 1089 4006 re

388 4049 514 4111 maiores
536 4070 649 4130 pennas
673 4050 743 4112 nido
767 4051 935 4113 extendisse
957 4053 1095 4135 loqueris,

388 4164 420 4217 ut
443 4166 584 4239 quantum
607 4157 705 4238 generi
727 4160 829 4220 demas
851 4157 1009 4221 virtutibus
1032 4161 1142 4234 addas3

387 4280 434 4324 me
456 4263 559 4343 primis
581 4263 662 4325 urbis
684 4263 756 4326 belli
778 4265 925 4345 placuisse
948 4265 1095 4350 domique,
