3209 5125
660 457 690 517 Q·
709 456 842 507 nonam
866 455 1003 517 sunum.

255 620 257 624 ’
354 619 460 682 imbuti
482 627 624 700 spectent.
661 618 731 701 quid
755 637 857 679 censes
878 637 1001 680 munera
1022 627 1124 693 terrae,

356 726 427 809 quid
449 725 538 789 maris
561 734 707 788 extremos
731 725 849 787 Arabas
871 724 995 786 ditantis
1018 734 1048 786 et
1069 725 1170 800 Indos,

354 830 467 893 ludicra
490 832 560 913 quid
581 832 703 912 plausus
726 839 756 893 et
778 831 866 893 amici
889 832 968 892 dona
991 829 1125 906 Quiritis,

356 957 413 1019 qno
437 938 598 1017 spectanda
619 938 718 1013 modo,
743 958 800 1019 quo
824 956 912 999 sensu
935 936 1029 999 credis
1052 946 1082 998 et
1104 938 1173 999 ore?

356 1044 406 1127 qui
428 1043 513 1105 timet
534 1042 581 1105 his
604 1044 737 1118 adversa,
760 1044 820 1105 iere
841 1044 964 1105 miratur
986 1046 1088 1106 eodem

355 1171 413 1233 quo
437 1150 558 1230 cupiens
581 1159 686 1230 pacto:
709 1170 802 1231 pavor
825 1160 870 1213 est
892 1149 1048 1233 utrobique
1069 1150 1221 1224 molestus,

354 1258 506 1337 inprovisa
527 1256 615 1319 simul
637 1257 749 1338 species
772 1266 898 1321 exterret
919 1267 1082 1340 utmmque.

354 1365 480 1445 gaudeat
502 1384 540 1425 an
564 1363 672 1438 doleat,
696 1364 796 1444 cupiet
817 1360 989 1440 metuatne,'
1001 1364 1072 1446 qnid
1093 1364 1132 1426 ad
1154 1383 1225 1438 rem,

354 1472 389 1547 si,
414 1470 556 1553 quidquid
579 1470 655 1531 vidit
676 1470 780 1532 melius
802 1471 923 1551 peiusve
945 1490 999 1534 sua
1021 1490 1081 1551 spe,

353 1577 457 1639 defixis
481 1576 574 1639 oculis
597 1577 754 1659 animoque
777 1586 807 1639 et
829 1597 950 1658 corpore
972 1578 1089 1658 torpet?

353 1684 451 1746 insani
474 1684 591 1765 sapiens
614 1702 721 1746 nomen
744 1686 827 1760 ferat,
851 1704 961 1766 aequus
983 1685 1087 1767 iniqui,

353 1792 431 1854 ultra
453 1811 541 1874 quam
564 1790 637 1853 satis
661 1798 706 1851 est
728 1791 867 1853 virtutem
889 1792 916 1853 si
937 1800 1020 1871 petat
1041 1791 1145 1871 ipsam.

400 2004 435 2067 Si
457 2004 534 2065 latus
556 2012 608 2065 ant
629 2022 713 2066 renes
736 2005 840 2067 morbo
863 2013 1043 2084 temptantur
1065 2013 1161 2079 acuto,

354 2130 460 2192 quaere
482 2110 579 2191 fugam
602 2110 706 2173 morbi.
741 2110 787 2173 vis
809 2119 888 2174 recte
910 2112 1023 2174 vivere:
1047 2112 1113 2194 quis
1136 2111 1217 2174 non?

354 2218 380 2279 si
403 2218 496 2281 virtus
517 2217 575 2279 hoc
597 2236 657 2279 una
678 2226 776 2298 potest
797 2220 877 2294 dare,
900 2218 984 2281 fortis
1007 2219 1125 2281 omissis

277 2337 282 2343 '
353 2326 410 2388 hoc
433 2345 486 2407 age
509 2324 631 2386 deliciis.
667 2323 804 2386 virtutem
827 2328 918 2387 verba
939 2335 1025 2405 putas
1047 2334 1081 2387 nt

353 2432 451 2495 lucum
473 2431 574 2512 ligna?
597 2451 668 2493 cave
690 2450 728 2491 ne
750 2440 852 2511 portus
876 2441 999 2513 occupet
1021 2431 1104 2506 alter,

354 2558 391 2601 ne
414 2538 591 2621 Cibyratica,
616 2557 652 2600 ne
675 2538 808 2622 Bithyna
830 2539 949 2620 negotia
970 2540 1090 2620 perdas:

354 2647 435 2708 mille
457 2645 569 2708 talenta
590 2647 792 2722 rotundentm·‚
809 2647 933 2708 totidem
956 2647 1058 2722 altena,
1082 2666 1168 2727 porro

353 2754 442 2816 tertia
463 2755 621 2816 succedant
644 2761 674 2814 et
697 2773 771 2836 qnae
794 2772 863 2833 pars
888 2755 1010 2836 quadret
1032 2772 1176 2816 acervum.

354 2860 467 2943 scilicet
488 2880 609 2923 uxorem
632 2879 697 2922 cum
720 2861 789 2921 dote
811 2861 956 2942 fidemque
978 2868 1008 2922 et
1030 2860 1141 2923 amicos

357 2977 385 3028 et
407 2987 497 3048 genus
520 2976 550 3029 et
572 2967 695 3028 fonnam
717 2967 819 3047 regina
841 2967 972 3029 Pecunia
993 2968 1094 3042 donat,

355 3095 390 3136 ac
412 3077 488 3137 bene
510 3082 692 3136 nummatum
715 3074 835 3134 decorat
857 3073 987 3136 Suadela
1008 3075 1176 3156 Venusque.

354 3180 509 3262 mancipiis
531 3180 663 3261 locuples
686 3189 751 3260 eget
772 3179 848 3241 aeris
872 3179 1080 3260 Cappadocum
1101 3200 1168 3242 rex:

355 3308 393 3350 ne
415 3287 502 3349 fueris
524 3288 574 3349 hic
595 3297 636 3349 tu.
672 3286 841 3369 chlamydes
863 3286 1014 3362 Lucullus,
1038 3296 1071 3349 nt
1092 3287 1184 3362 aiunt,
1390 3306 1419 3343 ιο

356 3395 382 3456 si
404 3403 505 3474 posset
527 3403 644 3456 centum
667 3412 790 3456 scaenae
812 3397 950 3473 praebere
972 3403 1100 3474 rogatus,

350 3500 414 3583 ‘qui
436 3520 557 3581 possum
578 3496 658 3563 toti²
684 3501 726 3563 ait
742 3494 856 3562 ‘tamen
879 3510 909 3562 et
931 3521 1068 3583 quaeram
1091 3511 1121 3562 et
1144 3502 1221 3582 quod
1242 3501 1358 3564 habebo

355 3605 495 3671 mittam.³
528 3616 597 3688 post
619 3607 718 3688 paullo
742 3607 845 3670 scribit
867 3607 925 3670 sibi
948 3607 1031 3670 milia
1053 3607 1180 3689 quinque
1298 3628 1301 3632 “

356 3735 419 3778 esse
442 3714 522 3776 domi
545 3714 746 3797 chlamydum:
770 3724 883 3795 partem
906 3714 953 3776 vel
975 3714 1092 3776 tolleret
1115 3733 1224 3776 omnes.

355 3823 442 3886 exilis
464 3823 568 3884 domus
591 3831 645 3897 est,
669 3822 721 3884 ubi
743 3841 804 3883 non
827 3831 857 3883 et
878 3820 972 3882 multa
993 3829 1149 3901 supersunt
1391 3839 1420 3878 45

356 3939 385 3992 et
407 3928 558 3992 dominum
580 3928 686 3990 fallunt
709 3938 738 3990 et
759 3935 883 4008 prosunt
904 3927 1024 3990 furibus.
1059 3947 1125 4008 ergo

355 4037 381 4098 si
403 4056 449 4098 res
472 4036 536 4097 sola
558 4043 657 4115 potest
679 4035 772 4097 facere
795 4043 826 4096 et
848 4053 963 4096 servare
985 4037 1112 4109 beatum,

336 4264 420 4314 Vnum
432 4279 528 4315 sucuro,
565 4263 599 4314 23
618 4279 691 4330 porro
710 4262 741 4316 8¹
761 4283 776 4328 ς
793 4280 869 4329 porro
887 4262 913 4315 B
931 4280 1006 4328 porro
1024 4271 1051 4314 et
1068 4261 1098 4315 H
1103 4261 1222 4333 ιις’ρψω.
