3209 5125
533 462 778 515 nr1srvnlnvn
796 462 893 516 nme
908 465 950 517 17.

681 747 805 843 XVll

318 939 470 1017 Quamvis,
495 941 619 1016 Scaeva,
643 942 717 1005 satis
739 963 792 1024 per
813 951 843 1004 te
865 943 922 1005 tibi
943 943 1074 1006 consulis
1097 953 1127 1006 et
1148 945 1208 1007 scis

275 1067 331 1129 quo
353 1056 471 1110 tenuem
493 1058 580 1129 pacto
603 1050 706 1112 deceat
727 1049 889 1112 maioribus
909 1050 963 1125 uti,

273 1154 362 1231 disce,
386 1158 536 1219 docendus
557 1156 654 1219 adhuc
677 1177 753 1239 quae
776 1166 876 1219 censet
897 1156 1051 1231 amiculus,
1073 1166 1108 1219 ut
1129 1157 1156 1218 si

275 1281 378 1323 caecus
400 1262 455 1325 iter
477 1272 640 1326 monstrare
662 1264 750 1325 velit:
777 1272 877 1327 tamen
899 1264 999 1344 aspice
1022 1263 1121 1346 siquid

274 1377 304 1430 et
325 1388 381 1431 nos
404 1371 483 1452 qnod
506 1390 588 1433 cures
610 1370 761 1451 proprium
783 1369 888 1448 iecisse
911 1370 1074 1453 loquamur.

321 1582 356 1647 Si
377 1591 408 1644 te
430 1592 514 1665 grata
536 1582 619 1665 quies
642 1592 672 1645 et
693 1584 818 1664 primam
841 1604 962 1645 somnus
984 1584 1016 1645 in
1038 1584 1142 1647 boram

274 1690 415 1766 delectat;
440 1690 466 1752 si
489 1698 519 1753 te
540 1690 638 1772 pulvis
662 1684 859 1773 strepitusque
879 1698 1020 1766 rotarum,

275 1795 301 1858 si
323 1796 415 1859 laedit
438 1818 587 1879 caupona:
610 1797 800 1860 Ferentinum
823 1797 866 1859 ire
887 1797 1005 1861 iubebo.

275 1923 344 1965 nam
367 1924 462 1987 neque
484 1904 626 1968 divitibus
649 1905 824 1986 contingunt
845 1905 953 1985 gandia
974 1905 1056 1980 solis,

274 2030 328 2072 nec
349 2010 427 2073 vixit
448 2012 526 2073 male
549 2012 599 2093 qni
622 2020 709 2073 natus
731 2010 918 2093 moriensque
938 2011 1050 2073 fefellit

275 2118 301 2179 si
323 2119 462 2199 prodesse
484 2116 543 2179 tuis
565 2118 724 2199 paulloque
746 2117 903 2198 benignius
926 2116 1023 2198 ipsum

274 2234 304 2287 te
325 2233 451 2287 nacmre
473 2225 566 2299 voles,
591 2225 712 2286 accedes
735 2224 831 2287 siccus
853 2226 893 2286 nd
915 2232 1045 2285 unctum.

269 2326 308 2393 ‘si
330 2333 485 2412 pranderet
506 2332 592 2394 holus
614 2330 768 2411 patienter,
795 2330 912 2411 regibus
934 2329 979 2391 nti

275 2438 368 2501 nollet
381 2434 582 2519 'Aristippus’
609 2430 650 2499 ‘si
673 2438 761 2499 sciret
782 2437 899 2518 regibus
922 2436 975 2511 nti,

275 2544 420 2608 fastidiret
441 2545 528 2608 holus
551 2544 601 2627 qni
624 2565 672 2608 me
694 2542 798 2608 notat?
831 2544 924 2607 utrius
946 2543 1052 2606 horum

275 2655 366 2722 umba
386 2654 493 2733 probes
515 2661 545 2714 et
567 2653 645 2715 fucta
667 2655 749 2728 doce,
773 2652 822 2715 vel
844 2651 941 2715 iunior
962 2651 1042 2725 audi,

276 2781 326 2823 cnr
349 2760 388 2821 sit
410 2758 558 2840 Aristippi
581 2758 679 2840 potior
701 2759 856 2822 sententia„
891 2777 1019 2840 namque

275 2867 441 2930 mordacem
463 2867 598 2949 cynicum
621 2867 664 2929 sic
687 2867 833 2941 eludebat„
857 2874 890 2927 nt
912 2865 1011 2928 aiunt:

268 2972 396 3037 ‘scurror
419 2993 471 3055 ego
494 2974 559 3054 ipse
581 2972 663 3049 mihi,
687 2974 796 3054 populo
818 2982 866 3035 tu:
889 2972 997 3034 rectius
1019 2972 1077 3034 hoc
1099 2980 1129 3033 et

276 3081 458 3162 splendidius
480 3082 572 3143 multo
597 3089 650 3142 est
684 3100 776 3162 equus
798 3088 832 3141 nt
853 3099 901 3140 me
922 3087 1029 3160 portet,
1052 3078 1116 3140 alat
1136 3096 1199 3152 rex,

278 3188 406 3250 officium
428 3188 522 3250 facio:
545 3196 578 3250 tu
599 3187 698 3268 poscis
720 3186 793 3249 vilia
815 3205 920 3260 rerum,

277 3296 366 3356 dante
388 3295 493 3369 minor,
523 3293 657 3375 quamvis
680 3293 736 3354 fers
759 3301 789 3354 te
812 3292 920 3354 nullius
943 3288 1091 3373 egentem?

278 3401 374 3463 omnis
395 3401 583 3482 Aristippum
606 3399 704 3462 decuit
726 3399 808 3462 oolor
830 3408 860 3461 et
882 3408 977 3462 ststns
999 3408 1030 3460 et
1050 3419 1107 3474 res,

276 3516 468 3589 temptantem
490 3507 612 3582 maiora,
636 3507 695 3568 fere
717 3506 921 3587 praesentibus
943 3525 1076 3588 ueqnum.

278 3623 381 3677 contra
404 3635 491 3697 quern
513 3614 623 3695 duplici
645 3633 744 3693 panno
768 3612 914 3693 patientia
935 3614 1023 3688 velat,

278 3721 415 3796 mirabor,
437 3722 518 3784 vitae
539 3720 590 3783 via
612 3721 637 3782 si
660 3739 802 3784 converse
824 3719 947 3782 decebit.

277 3828 353 3890 alter
373 3847 548 3908 pmpureum
570 3847 630 3888 non
654 3826 822 3906 expectabit
843 3824 991 3900 amictum,

279 3934 424 4016 quidlibet
446 3935 564 3997 indutus
588 3933 777 3996 celeberrima
798 3951 851 4013 per
871 3932 939 3993 loca
960 3932 1049 3992 vadet

279 4061 492 4122 personamque
514 4042 586 4102 feret
608 4060 669 4101 non
692 4039 886 4102 inconcinnus
908 4048 1077 4119 utramque:

261 4265 345 4316 Vnum
357 4225 454 4316 induro.
490 4265 507 4316 2
525 4273 627 4316 tenuem
643 4264 782 4318 Hortalum
799 4264 903 4316 tandem
919 4263 986 4317 tetre
