3209 5125
669 480 700 543 Q.
718 479 852 533 nonant
870 481 991 533 rnnccl

377 639 523 703 interdum
545 650 646 703 tamen
669 650 699 703 et
720 660 825 703 vocem
849 642 1002 704 comoedia
1023 644 1112 718 tollit,

377 746 527 829 iratusque
551 746 690 809 Chremes
712 748 826 809 tumido
850 748 984 828 delitigat
1006 768 1071 823 ore;

377 862 406 915 et
428 855 556 935 tragicus
579 856 751 936 plerumque
773 856 855 916 dolet
878 874 1011 917 sermone
1034 856 1162 935 pedestri

376 961 523 1041 Telephus
547 970 577 1023 et
598 962 713 1036 Peleus,
738 982 805 1024 cmn
827 971 989 1043 pauperet
1011 962 1080 1023 exul
1102 971 1223 1045 uterque

377 1067 484 1149 proicit
507 1069 653 1149 ampullas
677 1078 706 1130 et
729 1069 947 1150 sesquipedalia
968 1071 1068 1144 verba,

378 1173 404 1235 si
427 1184 509 1237 curat
532 1196 583 1237 cor
605 1175 767 1256 spectantis
789 1175 922 1256 tetigisse
946 1176 1083 1257 querella

423 1387 561 1450 Carmine
584 1388 634 1469 qui
657 1388 768 1468 tragico
792 1388 882 1449 vilem
905 1388 1029 1450 certavit
1051 1388 1089 1450 ob
1112 1388 1234 1465 hircum,

377 1514 448 1556 mox
472 1494 561 1555 etiam
584 1503 713 1574 agrestes
737 1495 862 1577 Satyros
886 1494 1010 1556 nudavit
1031 1504 1062 1556 et
1083 1515 1169 1576 asper

378 1600 519 1663 incolumi
542 1600 686 1681 gravitate
708 1601 807 1662 iocum
829 1602 986 1682 temptavit
1008 1622 1042 1664 eo
1068 1604 1146 1683 quod

378 1707 533 1769 inlecebris
556 1716 619 1769 erat
641 1716 671 1768 et
693 1716 776 1787 grata
799 1709 932 1770 novitate
954 1710 1114 1770 morandus

378 1823 527 1895 spectator
548 1814 724 1895 functusque
747 1814 838 1876 sacris
862 1823 892 1876 et
914 1823 1002 1895 potus
1025 1824 1055 1876 et
1077 1816 1173 1878 exlex,

377 1940 478 1982 vemm
500 1920 543 1982 ita
565 1921 682 1995 risores,
706 1921 750 1982 ita
772 1923 977 1983 commendare
999 1921 1109 1983 dicacis

379 2027 535 2090 conveniet
558 2027 691 2109 Satyros,
717 2026 761 2088 ita
782 2037 894 2089 vertere
917 2028 994 2089 seria
1017 2029 1095 2104 lud0,

378 2154 415 2195 ne
438 2133 613 2216 quicumque
635 2136 716 2207 deus,
742 2134 917 2215 quicumque
940 2135 1128 2197 adhibebitur
1150 2137 1245 2210 heros,

378 2240 469 2322 regali
492 2249 665 2321 conspectus
689 2240 719 2299 in
743 2260 814 2301 auro
838 2261 930 2320 nuper
953 2249 983 2301 et
1005 2250 1095 2317 ostro,

337 2336 341 2343 ’
379 2348 484 2428 migret
505 2348 536 2409 in
560 2349 701 2409 obscuras
723 2346 827 2407 humili
852 2366 985 2433 sermone
1008 2350 1155 2423 tabernas,

379 2463 439 2529 aut,
463 2456 533 2516 dnm
556 2454 632 2515 vitat
653 2455 783 2528 humum,
808 2457 901 2516 nubes
924 2463 954 2515 et
975 2454 1077 2516 inania
1100 2463 1206 2534 captet

379 2561 491 2624 effirtire
513 2561 587 2622 levis
611 2561 732 2642 indigna
754 2562 905 2641 tragoedia
927 2582 1037 2636 versus

379 2677 413 2729 ut
434 2667 517 2729 festis
540 2677 675 2730 matrona
697 2669 809 2730 moveri
831 2669 913 2730 iussa
934 2669 1047 2743 diebuS,

380 2774 512 2835 intererit
535 2774 651 2854 Satyris
673 2775 805 2854 paullum
828 2775 1000 2854 pudibunda
1022 2776 1175 2855 protervis

382 2900 442 2942 non
466 2900 518 2960 ego
542 2880 680 2941 inornata
703 2890 732 2941 ct
754 2881 940 2943 dominantia
962 2881 1085 2944 nomina
1108 2882 1203 2944 solum

381 2990 537 3068 verbaque,
560 2986 694 3062 Pisones
720 2988 893 3069 Satyrorum
916 2988 1180 3068 scriptoramabo,

382 3115 436 3156 nec
458 3093 501 3155 sic
524 3093 619 3155 enitar
640 3093 751 3174 tragico
775 3094 890 3154 diffene
913 3095 1015 3169 colori,

382 3210 415 3263 ut
437 3201 512 3262 nihil
534 3200 660 3275 intersit,
683 3202 825 3262 Davusne
848 3201 985 3281 loquatur
1008 3210 1038 3262 et
1059 3202 1156 3263 audax

381 3307 505 3390 Pythias
529 3315 664 3369 emuncto
688 3307 800 3368 lucrata
824 3307 947 3370 Simone
969 3308 1122 3381 talentum,

383 3434 422 3476 an
446 3423 544 3476 custos
567 3414 750 3494 famulusque
773 3413 821 3474 dei
844 3412 963 3475 Silenus
986 3413 1106 3475 alumni.

384 3519 468 3582 silvis
492 3520 589 3582 educti
612 3528 736 3581 caveant
758 3539 806 3580 me
828 3518 924 3580 iudice
946 3519 1051 3592 Fauni,

383 3693 491 3760 singula
508 3707 633 3762 quaeque
652 3693 740 3747 locum
759 3697 872 3746 teneant
890 3691 987 3746 sortita
1004 3690 1155 3744 decentem.

383 3796 418 3836 cx
436 3785 501 3836 noto
518 3779 612 3835 fictum
631 3795 740 3834 carmen
759 3796 866 3848 sequar,
886 3783 917 3833 ut
935 3778 987 3834 sibi
1005 3778 1095 3848 quivis

383 3873 476 3938 speret
492 3868 574 3937 idem,
593 3868 675 3923 sudet
693 3869 807 3922 multum
827 3867 981 3936 frustraque
998 3867 1104 3921 laboret

383 3973 466 4011 ausus
484 3956 570 4011 idem:
590 3961 696 4010 tantum
715 3956 799 4010 series
818 3956 997 4024 iuncturaque
1015 3955 1106 4023 pollet,

384 4048 491 4099 tantum
510 4044 544 4100 dc
562 4043 653 4099 medio
672 4045 788 4114 sumptis
806 4042 913 4098 accedit
930 4043 1048 4098 honoris.

344 4185 428 4238 Vnam
441 4202 537 4238 sucuro.
576 4186 626 4236 166
643 4186 727 4236 educti
747 4185 811 4238 Fece
834 4187 933 4239 codices
950 4185 1013 4247 duo,
1036 4181 1207 4237 Marklandua
1230 4181 1332 4232 deducti
1350 4201 1390 4236 ce·

274 4280 323 4329 terr·
340 4273 408 4328 libri.
