3209 5125
637 437 667 497 Q.
686 436 819 487 HORA'PI
836 438 958 488 nancel

346 600 397 661 ille
419 599 506 661 bonis
530 600 684 681 faveatque
708 608 737 659 et
760 600 932 662 consilietur
953 601 1047 663 amice

347 716 376 768 et
398 715 479 785 regat
501 706 593 767 iratos
616 715 646 767 et
668 714 746 767 amet
767 726 874 786 pacare
895 715 1058 781 tumentes;

345 813 396 873 ille
419 814 509 892 dapes
532 813 632 874 laudet
653 832 773 873 mensae
794 813 903 888 brevis,
928 814 979 875 ille
1001 814 1149 876 salubrem

345 919 489 980 iustitiam
512 920 647 1001 legesque
671 928 700 979 et
722 920 831 999 apertis
854 918 916 981 otia
937 920 1050 1000 portis;

345 1026 396 1086 ille
419 1034 499 1106 tegat
521 1026 688 1100 commissa,
712 1026 842 1106 deosque
864 1004 1005 1105 precetur,
1029 1035 1059 1087 et
1082 1033 1145 1087 oret

346 1140 380 1193 ut
402 1132 502 1193 redeat
524 1132 648 1207 miseris,
672 1134 760 1193 abeat
782 1134 915 1193 Fortuna
937 1132 1080 1213 superbis.

346 1238 421 1300 tibia
443 1258 503 1299 non
527 1248 559 1299 ut
582 1258 659 1300 nnnc
683 1238 830 1300 orichalco
855 1238 956 1299 vincta
976 1240 1124 1320 tubaeque

346 1345 469 1418 aemula,
494 1346 546 1406 sed
569 1345 664 1406 tenuis
688 1345 873 1425 simplexque
895 1344 1037 1406 foramine
1059 1363 1152 1425 pauco

346 1452 476 1530 aspirare
499 1460 528 1511 et
551 1452 655 1512 adesse
678 1451 775 1512 choris
799 1459 861 1512 erat
883 1450 966 1512 utilis
990 1460 1079 1532 atque

346 1558 477 1619 nondum
501 1558 597 1638 spissa
620 1558 708 1619 nimis
731 1558 877 1638 complere
900 1557 1005 1619 sedilia
1027 1558 1107 1631 flatu,

347 1684 404 1746 quo
429 1683 500 1725 sane
523 1665 649 1744 populus
672 1664 872 1738 numerabilis,
896 1672 999 1743 utpote
1020 1683 1138 1744 parvos,

347 1780 376 1832 et
397 1770 473 1850 frugi
495 1779 651 1851 castusque
673 1772 912 1851 verecundusque
935 1770 1043 1832 coibat.

346 1885 503 1960 postquam
527 1877 624 1956 coepit
646 1896 732 1957 agros
756 1878 912 1937 extendere
935 1876 1030 1937 victor
1052 1886 1082 1938 et
1103 1879 1203 1939 urbem

346 1984 435 2045 latior
457 1983 595 2063 amplecti
618 2004 717 2045 murus
741 1983 870 2064 vinoque
893 1983 997 2043 diumo

346 2090 456 2171 placari
480 2090 593 2152 Genius
616 2091 699 2151 festis
722 2090 832 2169 inpune
854 2090 967 2164 diebus,

347 2183 480 2259 accessit
495 2197 681 2279 numerisque
704 2197 859 2277 modisque
882 2195 1002 2257 licentia
1024 2195 1126 2257 maior.

348 2304 391 2365 sic
414 2304 527 2383 priscae
549 2313 719 2384 motumque
743 2311 772 2363 et
794 2302 939 2364 luxuriem
962 2302 1078 2363 addidit
1099 2302 1156 2363 arti

347 2410 457 2472 tibicen
479 2411 628 2492 traxitque
651 2429 742 2489 vagus
765 2429 817 2489 per
838 2409 954 2489 pulpita
976 2417 1095 2470 vestem.

349 2518 391 2580 sic
415 2517 503 2579 etiam
526 2517 632 2580 fidibus
655 2536 744 2578 voces
768 2536 883 2578 crevere
905 2516 1024 2590 severis,
1097 2544 1099 2548 ·

348 2634 377 2686 et
399 2624 468 2685 tulit
491 2624 639 2704 eloquium
662 2623 815 2684 insolitum
837 2623 974 2684 facundia
995 2641 1134 2703 praeceps
1141 2641 1150 2696 ;

350 2727 539 2812 [utiliumque
562 2749 654 2809 sagax
677 2749 771 2790 rerum
795 2737 825 2790 et
847 2729 950 2790 divina
971 2728 1061 2790 futuri

349 2836 494 2915 sortilegis
517 2855 578 2896 non
601 2836 760 2915 discrepuit
783 2835 930 2897 sententia
952 2831 1103 2915 Delphis]

397 3048 522 3130 Syllaba
543 3048 633 3128 longa
655 3048 737 3110 brevi
760 3047 893 3110 subiecta
915 3056 1037 3110 vocatur
1059 3047 1184 3121 iambus,

351 3175 402 3235 pes
426 3154 518 3228 citns;
542 3156 619 3216 unde
643 3155 731 3216 etiam
754 3154 894 3215 trimetris
916 3173 1081 3216 accrescere
1102 3153 1189 3216 iussit

351 3280 467 3323 momen
490 3260 624 3335 iambeis‚
649 3281 714 3322 cum
738 3279 826 3322 senos
849 3262 982 3322 redderet
1004 3261 1089 3334 ictus,

350 3369 459 3449 primus
483 3369 521 3428 ad
544 3376 705 3428 extremum
729 3366 835 3428 similis
858 3367 924 3428 sibi.
959 3387 1019 3428 non
1042 3367 1085 3427 ita
1106 3365 1228 3447 pridem,

350 3474 462 3536 tardior
484 3482 518 3534 ut
540 3474 639 3554 paullo
663 3473 836 3554 graviorque
857 3474 970 3535 veniret
992 3475 1031 3534 ad
1053 3492 1147 3547 aures,
1366 3492 1410 3534 aas

351 3582 498 3660 spondeos
521 3580 637 3642 stabilis
659 3580 691 3640 in
714 3580 778 3641 iura
799 3580 914 3642 alterna
936 3581 1046 3660 recepit

177 3695 229 3750 285
353 3688 524 3750 commodus
547 3696 577 3747 et
599 3686 724 3766 patiens,
748 3706 808 3748 non
831 3696 864 3748 ut
886 3689 922 3748 de
944 3689 1013 3748 sede
1035 3687 1164 3748 secunda

239 3819 450 3830 -——--·-

349 3875 475 3932 indoctus
493 3875 559 3945 quid
577 3877 648 3931 enirn
667 3879 776 3946 saperet
793 3875 915 3946 liberque
931 3876 1055 3932 laborum

351 3965 468 4020 rusticus
487 3964 592 4020 urbano
610 3963 748 4035 confusus,
767 3965 854 4035 turpis
872 3965 1008 4021 honesto?

298 4143 382 4193 Viam
392 4159 488 4193 nncnro.
507 4142 655 4193 accerbam
665 4143 785 4196 Pettierr'r'
793 4143 872 4196 codex
881 4163 944 4196 uaris
953 4145 1028 4194 urbes
1038 4149 1115 4197 ceteri
1122 4143 1190 4196 libri.
1239 4142 1289 4194 281
1301 4159 1355 4193 mc·

239 4249 297 4284 men
317 4230 342 4284 R
359 4248 450 4283 nomen
468 4231 529 4286 libri
599 4231 652 4284 284
670 4231 768 4284 alterna
785 4231 904 4284 Batavus
922 4232 1024 4302 quidum
1042 4240 1150 4297 paterna
1166 4232 1233 4285 libri.
