3209 5125
561 460 806 513 nPISnvuAnvnr
824 460 888 511 LIB.
901 460 933 510 11.
950 461 972 511 1.
1281 465 1325 529 49

318 632 350 685 ut
372 643 483 703 magus,
509 630 538 683 et
559 624 647 684 modo
671 642 717 684 me
740 622 861 696 Thebis,
885 623 972 683 modo
996 622 1082 701 ponit
1105 620 1242 683 Athenis.

316 750 416 807 verum
440 749 493 809 age
517 729 623 802 ethis,
649 729 699 809 qui
724 748 755 789 se
777 728 881 790 lectori
904 728 1020 789 credere
1043 727 1157 789 malunt

318 855 413 917 quam,
429 835 602 915 spectatoris
626 834 746 897 fastidia
769 836 842 896 ferre
866 834 993 914 superbi,

318 962 416 1003 curam
438 944 526 1003 redde
549 944 677 1016 brevem,
703 942 728 1002 si
751 961 857 1003 munus
881 939 1023 1020 Apolline
1046 939 1166 1021 dignum

318 1048 364 1109 vis
388 1048 533 1128 complere
555 1047 640 1111 libris
663 1057 693 1109 et
715 1048 834 1110 vatibus
856 1049 963 1109 addere
987 1046 1093 1121 calcar,

317 1163 351 1215 ut
373 1154 470 1216 studio
494 1154 604 1216 maiore
627 1164 731 1235 petant
752 1154 900 1217 Helicona
922 1153 1073 1217 virentem.

363 1367 460 1429 Multa
483 1366 603 1448 quidem,
623 1367 710 1430 nobis
733 1367 856 1429 facimus
879 1365 959 1429 mala
980 1386 1069 1446 saepe
1089 1374 1206 1446 poetae,

318 1482 351 1535 ut
374 1473 475 1534 vineta
497 1481 612 1553 egomet
634 1476 755 1535 caedam
777 1494 852 1548 mea,
876 1494 942 1535 cum
966 1473 1021 1537 tibi
1045 1473 1152 1535 librum

319 1579 446 1641 sollicito
470 1582 573 1641 damus
596 1589 648 1641 aut
670 1581 764 1655 fesso;
790 1601 856 1643 cum
879 1580 1030 1655 laedimur,
1054 1600 1146 1642 unum

319 1685 411 1767 siquis
435 1686 594 1748 amicorum
618 1696 663 1747 est
685 1708 773 1749 ausus
797 1688 1006 1768 reprehendere
1028 1705 1162 1761 versum;

318 1813 383 1855 cum
407 1793 472 1855 loca
495 1793 553 1855 iam
576 1793 698 1855 recitata
720 1794 899 1856 revolvimus
922 1794 1100 1868 inrevocati;

319 1920 385 1961 curn
408 1900 610 1974 lamentamur,
634 1919 694 1961 non
718 1920 859 1980 apparere
880 1901 997 1962 labores

318 2014 435 2067 nostros
458 2014 488 2066 et
510 2006 591 2067 tenui
614 2008 739 2067 deducta
761 2015 901 2086 poemata
922 2007 988 2080 filo;

317 2132 384 2174 cum
406 2131 556 2191 speramus
580 2131 613 2173 eo
637 2130 698 2173 rem
721 2121 883 2186 venturam,
911 2121 944 2174 ut
965 2112 1054 2173 simul
1076 2120 1165 2194 atque

318 2217 448 2279 carmina
469 2216 602 2279 rescieris
625 2236 680 2278 nos
702 2220 818 2298 fingere,
842 2220 1014 2279 commodus
1036 2216 1113 2279 ultro

317 2343 447 2386 arcessas
471 2333 500 2385 et
523 2343 605 2404 egere
629 2332 709 2385 vetes
732 2332 762 2385 et
784 2324 910 2387 scribere
932 2344 1029 2405 cogas.

317 2432 367 2492 sed
390 2438 489 2491 tamen
513 2440 558 2491 est
581 2450 686 2510 operae
708 2431 833 2510 pretium
856 2449 1040 2511 cognoscere,
1065 2429 1162 2511 qualis

316 2536 450 2600 aedituos
472 2538 581 2600 habeat
603 2536 675 2600 belli
698 2546 830 2618 spectata
852 2537 990 2619 domique

315 2644 427 2720 Virtus,
451 2645 571 2725 indigno
596 2664 656 2706 non
680 2645 892 2706 committenda
912 2653 1027 2725 poetae.

360 2856 470 2919 Gratus
494 2857 667 2920 Alexandro
689 2858 750 2937 regi
772 2877 878 2937 magno
902 2857 957 2918 fuit
979 2855 1030 2917 ille

318 2963 479 3037 Choerilus,
503 2963 622 3025 incultis
647 2957 697 3046 qui
719 2963 852 3025 versibus
875 2972 905 3023 et
927 2962 1004 3024 male
1026 2963 1105 3024 natis

316 3069 429 3130 rettulit
451 3079 587 3149 acceptos
610 3070 707 3149 regale
730 3070 878 3130 numisma
899 3069 1063 3148 Philippos.

317 3177 368 3236 sed
391 3175 481 3236 veluti
503 3184 631 3237 tractata
652 3184 765 3266 notam,
777 3177 932 3257 labemque
954 3175 1107 3237 remittunt

317 3290 489 3355 atramenta,
513 3283 571 3342 fere
595 3281 749 3360 scriptores
773 3282 902 3342 carmine
924 3282 1009 3342 foedo

317 3387 471 3466 splendida
493 3387 572 3449 facta
593 3387 698 3449 linunt.
734 3387 811 3449 idem
834 3407 886 3448 rex
910 3387 969 3462 ille,
993 3396 1101 3467 poema

317 3493 368 3575 qui
390 3501 451 3554 tam
474 3493 628 3555 ridiculum
651 3503 712 3555 tam
736 3513 802 3554 care
824 3492 963 3572 prodigus
986 3493 1066 3567 emit,

318 3599 412 3660 edicto
436 3599 530 3660 vetuit
552 3600 656 3683 nequis
680 3619 711 3660 se
734 3608 848 3679 praeter
870 3598 998 3678 Apellen

280 3777 284 3786 ι
315 3705 447 3784 pingeret
470 3714 521 3767 aut
543 3707 618 3767 alius
641 3705 773 3788 Lysippo
797 3706 916 3766 duceret
938 3725 1007 3766 aera

316 3811 400 3871 fortis
423 3811 589 3874 'Alexandri
612 3812 725 3873 voltum
748 3810 927 3897 simulantia.
963 3812 1042 3892 quod
1065 3811 1091 3871 si

316 3916 456 3979 iudicium
480 3918 587 3980 subtile
609 3918 744 3980 videndis
768 3918 881 3979 artibus
903 3917 978 3978 illud

315 4024 354 4084 ad
377 4023 468 4085 libros
491 4033 521 4085 et
543 4026 581 4086 ad
603 4025 676 4086 haec
699 4026 851 4086 Musarum
874 4025 954 4085 dona
975 4043 1118 4097 vocares,

315 4130 461 4190 Boeotum
484 4130 516 4190 in
540 4149 637 4191 crasso
661 4130 771 4192 iurares
795 4139 863 4192 aere
886 4138 997 4192 natum.

315 4243 347 4294 at
368 4253 463 4316 neque
486 4237 663 4298 dedecorant
684 4245 736 4296 tua
758 4237 794 4296 de
819 4255 850 4295 se
872 4235 982 4297 iudicia
1004 4244 1093 4316 atque

1055 4338 1073 4389 4
