3209 5125
668 450 698 511 Q.
717 450 849 502 nonnul
867 452 987 504 unaccl

439 609 541 672 Virtus
565 619 610 671 est
631 609 736 671 vitium
758 612 864 691 fugere,
889 621 918 673 et
941 614 1087 693 sapientia
1107 613 1203 694 prima

396 714 521 777 stultitia
543 716 679 777 caruisse.
714 717 807 793 videS,
832 738 906 799 quae
928 719 1059 782 maxima
1081 720 1175 781 credis

397 842 460 883 esse
482 821 570 897 mala,
595 822 730 901 exiguum
754 844 873 885 censum
897 833 1068 907 turpemque
1089 828 1237 906 repulsam

398 938 506 1010 quanto
531 930 643 991 devites
666 930 757 991 animi
781 931 944 1012 capitisque
966 932 1076 993 labore.

396 1035 518 1115 impiger
541 1046 686 1099 extremos
710 1038 800 1099 cunis
824 1046 968 1099 mercator
990 1040 1029 1099 ad
1050 1038 1151 1113 Indos,

394 1162 446 1223 per
468 1162 548 1204 mare
570 1145 737 1224 pauperiem
760 1144 882 1224 fugiens,
906 1164 959 1223 per
980 1164 1063 1219 saxa,
1087 1165 1139 1225 per
1161 1145 1252 1225 ignis:

395 1269 432 1311 ne
456 1269 537 1310 cures
561 1270 604 1325 ea,
631 1270 705 1332 quae
728 1251 817 1312 stulte
839 1250 954 1311 miraris
977 1259 1007 1311 et
1029 1260 1124 1331 optas,

395 1356 506 1445 discere
528 1365 557 1417 et
579 1356 680 1418 audire
703 1366 732 1418 et
753 1356 869 1418 meliori
891 1359 1006 1419 credere
1028 1376 1089 1419 non
1112 1358 1180 1419 vis?

396 1462 483 1523 vilius
506 1472 658 1543 argentum
682 1472 726 1525 est
748 1484 829 1539 auro,
854 1463 1012 1525 virtutibus
1035 1484 1145 1526 aumm.

391 1566 420 1630 to
445 1568 534 1643 cives,
558 1570 646 1645 cives
675 1572 841 1651 quaerenda
862 1570 987 1649 pecunia
1008 1570 1134 1650 primum
1158 1580 1211 1646 est,

395 1676 488 1737 virtus
510 1685 579 1755 post
601 1672 765 1739 nummos!³
791 1678 865 1738 haec
885 1676 976 1763 Ianus
998 1697 1128 1739 summus
1152 1680 1190 1739 ab
1213 1678 1272 1740 imo

394 1784 544 1863 prodocet,
568 1784 641 1844 haec
663 1784 798 1845 recinunt
820 1783 940 1845 iuvenes
963 1783 1076 1845 dictata
1098 1802 1248 1866 senesque.

397 1899 442 1951 est
463 1889 579 1951 animus
601 1889 666 1963 tibi,
690 1898 758 1951 sunt
780 1909 886 1963 mores,
911 1897 957 1950 est
978 1889 1079 1970 lingua
1100 1891 1238 1971 fidesque,

396 2000 448 2059 sed
471 1996 692 2079 quadringentis
715 2016 767 2057 sex
791 2003 903 2075 septem
926 1994 1010 2056 milia
1032 1996 1151 2057 desunt:

395 2105 479 2183 plebs
502 2103 567 2165 eris.
602 2111 634 2164 at
655 2102 737 2181 pueri
759 2102 893 2163 ludentes
910 2100 975 2162 ‘rex
998 2101 1054 2162 eris
1077 2102 1170 2176 aiunt,

388 2197 421 2271 ¹si
444 2204 681 2272 rectefacies².
729 2256 735 2270 .
784 2249 790 2269 ε
838 2256 844 2268 .
893 2251 899 2269 .
946 2253 953 2268 .
1000 2254 1007 2267 .
1055 2254 1061 2269 .
1108 2248 1170 2270 .-.

395 2316 515 2390 Roscia,
541 2316 588 2377 dic
611 2317 706 2389 sodes,
731 2315 836 2376 melior
858 2292 907 2375 iex
929 2333 968 2374 an
991 2332 1146 2392 pueromm
1169 2323 1215 2375 est

397 2424 493 2497 nenia,
518 2442 592 2503 quae
614 2440 734 2501 regnum
756 2428 835 2481 recte
857 2418 1033 2481 facientibus
1056 2420 1148 2494 offert,

397 2536 426 2590 et
447 2530 578 2592 maribus
602 2527 699 2590 Curiis
722 2536 752 2588 et
774 2528 931 2588 decantata
955 2524 1108 2589 Camillis?

396 2635 461 2696 isne
483 2635 539 2698 tibi
556 2635 667 2697 melius
690 2636 802 2709 suadet,
827 2633 886 2715 qui,
911 2653 972 2694 rem
995 2633 1096 2708 facias,
1119 2653 1190 2708 rem,

397 2742 423 2802 si
444 2742 551 2821 possis,
575 2750 662 2816 recte,
687 2739 713 2801 si
736 2760 806 2814 non,
835 2759 1018 2821 quocumque
1040 2741 1128 2801 modo
1151 2760 1222 2814 rem,

398 2857 431 2909 ut
452 2849 572 2928 propius
596 2855 710 2927 spectes
733 2847 890 2926 lacrimosa
911 2853 1049 2926 poemata
1070 2847 1161 2925 Pupi:

397 2975 435 3016 an
460 2955 509 3036 qui
532 2957 680 3016 Fortunae
702 2961 731 3014 te
754 2972 926 3032 responsare
950 2957 1093 3034 superbae

315 3121 319 3128 .
397 3061 521 3123 libemm
544 3069 574 3122 et
596 3069 723 3122 erectum
745 3079 885 3138 praesens
907 3061 1094 3123 hortatur.et
1116 3061 1219 3139 aptat?

399 3167 464 3249 quis
488 3168 595 3229 circum
618 3185 710 3246 pagos
734 3174 763 3227 et
786 3166 895 3228 circum
918 3167 1048 3246 compita
1069 3186 1189 3248 pugnax

398 3294 505 3354 magna
528 3273 663 3336 coronari
686 3280 856 3334 contemnat
879 3272 1028 3354 Olympia,
1053 3273 1100 3335 cui
1123 3293 1199 3354 spes,

398 3380 445 3442 cui
467 3380 507 3442 sit
529 3380 663 3444 condicio
687 3379 780 3440 dulcis
804 3379 868 3440 sine
889 3380 1008 3458 pulvere
1031 3379 1167 3459 palmae?

314 3565 317 3570 Ι
399 3506 459 3548 non
482 3486 580 3566 possis
603 3487 688 3548 oculo
712 3494 855 3567 quantum
878 3487 1054 3548 contendere
1076 3487 1222 3566 Lynceus,

399 3614 459 3655 non
481 3602 581 3655 tamen
604 3592 711 3654 idcirco
736 3601 907 3654 contemnas
930 3593 1028 3672 lippus
1050 3591 1189 3672 inungui3

399 3719 462 3774 nec,
487 3699 556 3780 quia
578 3701 712 3778 desperes
735 3699 839 3761 invicti
862 3702 994 3762 membra
1016 3697 1169 3781 Glyconis,

400 3808 514 3867 nodosa
536 3825 640 3885 corpus
664 3805 741 3866 nolis
764 3806 918 3886 prohibere
943 3805 1088 3884 cheragra.

400 3921 445 3974 est
467 3913 592 3994 quadam
615 3911 732 3992 prodire
754 3920 848 3985 tenus,
873 3912 899 3973 si
922 3932 983 3975 non
1005 3912 1092 3973 datur
1113 3911 1199 3973 ultra

398 4067 477 4120 laevo
495 4067 623 4136 suspensi
638 4066 742 4122 loculos
760 4065 937 4134 tabulamque
954 4065 1065 4121 lacerto.

691 4154 736 4208 hic
753 4169 847 4207 murus
865 4158 967 4208 aeneus
986 4160 1054 4223 esto,

399 4241 437 4295 nil
454 4241 577 4296 conscire
595 4240 655 4310 sibi,
673 4241 748 4296 nulla
764 4241 914 4309 pallescere
931 4243 1020 4311 culpa.
