3209 5125
565 457 810 509 nrrsrvmnvm
827 458 890 508 nm.
903 458 936 508 11.
949 459 974 508 2.
1285 466 1328 529 53

321 621 495 701 scriptorum
519 620 624 681 chorus
648 619 744 682 omnis
767 628 849 681 amat
871 639 973 681 nemus
996 630 1026 681 et
1047 622 1122 701 rugit
1142 625 1239 698 urbes,

219 772 221 775 -
321 728 376 789 rite
399 727 490 789 cliens
513 725 626 789 Bacchi
649 745 752 788 somno
776 728 932 807 gaudentis
954 736 984 789 et
1005 730 1122 790 umbre:

257 879 260 884 .
319 842 352 895 tu
375 854 421 895 me
444 833 521 895 inter
543 833 680 913 strepitus
704 841 863 894 nocturnos
886 843 975 916 atque
997 834 1119 896 dimnos

320 940 366 1001 vis
389 960 492 1002 canere
516 947 545 1001 et
567 947 719 1001 contracta
741 938 825 1021 sequi
847 940 972 1020 vestigia
993 941 1115 1003 vatum?

320 1046 470 1127 ingenium
493 1046 550 1108 sibi
575 1047 653 1127 quod
677 1065 785 1107 vacuas
809 1047 972 1126 desumpsit
993 1047 1131 1109 Athenas

321 1162 351 1213 et
372 1152 478 1215 studiis
501 1172 596 1215 annos
619 1160 731 1232 septem
754 1152 836 1213 dedit
858 1152 1044 1235 insenuitque

321 1259 405 1322 libris
428 1268 458 1320 et
481 1259 566 1334 curis,
591 1267 689 1319 statua
711 1258 885 1321 taciturnius
908 1260 970 1321 exit

320 1366 491 1448 plerumque
514 1375 543 1426 et
564 1364 626 1427 risu
647 1365 788 1445 populum
813 1366 921 1447 quatit:
945 1366 993 1428 hic
1017 1385 1070 1447 ego
1093 1385 1191 1429 rerum

321 1470 457 1535 fluctibus
480 1472 511 1533 in
534 1472 639 1534 mediis
663 1480 692 1533 et
713 1473 938 1552 tempestatibus
961 1472 1042 1535 urbis

319 1582 410 1641 verba
431 1579 512 1661 lyrae
534 1587 649 1641 motura
671 1598 776 1639 sonum
799 1588 951 1641 conectere
973 1579 1094 1660 digner?

364 1792 468 1853 Frater
490 1799 552 1853 erat
574 1791 689 1853 Romae
713 1792 840 1853 consulti
862 1793 970 1867 rhetor,
994 1801 1027 1854 nt
1048 1791 1123 1854 alter

320 1898 440 1959 alterius
464 1917 597 1960 sermone
619 1916 715 1959 meros
738 1898 854 1960 audiret
874 1898 1011 1972 honores,

323 2004 445 2066 Crassus
468 2012 501 2065 ut
523 2004 572 2065 hic
594 2003 649 2078 illi,
673 2004 748 2065 foret
769 2004 838 2066 huic
862 2013 895 2065 ut
917 2004 1033 2066 Mucius
1057 2005 1122 2066 ille:

323 2112 372 2193 qui
396 2111 492 2173 minus
516 2119 633 2191 argutos
656 2118 755 2172 versat
775 2111 856 2183 furor
879 2111 935 2172 iste
956 2112 1083 2191 poetas?

322 2219 453 2280 carmina
475 2236 630 2297 compono,
654 2217 702 2279 hic
726 2218 832 2297 elegos.
870 2217 1005 2281 mirabile
1028 2217 1094 2279 visu

322 2326 524 2406 caelatumque
540 2342 654 2395 novem
677 2324 772 2385 Musis
796 2326 883 2405 opus!
906 2324 1005 2404 aspice
1026 2324 1163 2404 primum,

324 2441 434 2516 quanto
459 2452 524 2494 cunr
547 2431 634 2511 fastu
659 2440 769 2513 quanto
792 2431 945 2493 molimine
968 2431 1077 2492 circum

322 2548 486 2620 spectemus
509 2558 632 2602 vacuam
655 2538 801 2601 Romanis
824 2538 942 2602 vatibus
965 2540 1084 2612 eedem3

323 2667 393 2710 mox
417 2647 514 2722 etiam,
540 2647 566 2708 si
588 2647 663 2708 forte
685 2667 783 2721 vacas,
807 2665 929 2728 sequere
951 2654 981 2706 et
1002 2646 1105 2726 procul
1127 2647 1206 2721 andi,

324 2755 395 2837 quid
417 2754 490 2816 ferat
513 2762 542 2815 et
564 2773 623 2835 qua
644 2773 675 2814 re
698 2753 756 2817 sibi
779 2761 878 2815 nectat
900 2760 1021 2834 uterque
1043 2772 1191 2815 coronam.

324 2861 442 2924 discedo
466 2859 596 2922 Alcaeus
618 2869 727 2940 puncto
751 2849 841 2935 illius,
869 2859 920 2920 ille
942 2879 1007 2920 meo
1032 2859 1117 2940 quis?

324 2968 389 3051 quis
413 2967 471 3028 nisi
496 2966 714 3029 Callimachus?
740 2967 766 3028 si
788 2966 856 3048 plus
879 2967 1038 3046 adposcere
1060 2965 1151 3039 visus,

323 3077 356 3136 tit
378 3072 570 3136 Mimnermus
593 3081 623 3134 et
645 3073 746 3154 optivo
770 3073 944 3153 cognomine
967 3072 1079 3135 crescit.

323 3180 417 3243 multa
438 3181 508 3254 fero,
532 3187 565 3241 ut
587 3179 701 3259 placem
723 3199 814 3260 genus
837 3178 980 3242 irritabile
1003 3187 1113 3252 vatum,

323 3307 389 3349 cum
411 3287 508 3349 scribo
532 3293 562 3346 et
584 3285 708 3365 supplex
730 3286 833 3366 populi
856 3285 993 3366 suffragia
1014 3294 1116 3366 capto:

324 3395 403 3456 idem
425 3392 515 3455 finitis
539 3392 644 3454 studiis
668 3400 697 3453 et
718 3400 817 3454 mente
838 3400 956 3472 recepta

325 3503 458 3563 obturem
480 3499 597 3580 patulas
620 3499 729 3579 inpune
752 3499 916 3579 legentibus
940 3518 1033 3561 aures.

368 3713 515 3774 Ridentur
536 3711 616 3774 mala
638 3711 689 3794 qui
712 3719 892 3790 componunt
914 3710 1060 3784 carmina;
1085 3729 1186 3771 verum

325 3820 452 3900 gaudent
474 3819 635 3882 scribentes
657 3827 687 3880 ct
709 3839 741 3880 se
763 3825 939 3879 venerantur
961 3825 991 3876 et
1012 3816 1099 3890 ultro,

254 3957 256 3962 ·
325 3926 351 3987 si
373 3935 482 4002 taceas,
506 3926 628 3988 laudant
651 3925 794 4008 quidquid
817 3924 959 4005 scripsere
978 3922 1068 3985 beati.

284 4171 368 4221 Vnum
381 4187 477 4222 uncrro.
514 4171 546 4221 81
568 4171 671 4222 Croesus
684 4170 815 4224 Bentleius
827 4169 955 4220 Gracchus
971 4168 1031 4221 utri
1101 4167 1136 4218 82
1153 4175 1238 4217 versat
1249 4166 1330 4220 Bent-

212 4262 371 4326 leiucmcxat
388 4258 455 4312 titre.
820 4284 822 4289 ·
