3209 5125
691 454 721 513 Q.
740 452 873 504 Hortari
896 452 1018 503 FLACCI

400 632 529 686 munera,
554 632 629 694 quae
651 614 744 674 multa
766 612 865 675 dantis
889 633 955 674 cum
977 613 1064 675 lande
1086 614 1225 687 tulerunt,

400 719 501 780 dilecti
523 718 579 781 tibi
601 719 749 799 Vergilius
772 720 940 801 Variusque
961 728 1076 799 potitae,

400 846 452 887 nce
475 825 568 906 magis
592 826 723 905 expressi
747 827 845 887 voltus
867 846 920 906 per
941 835 1036 890 aenea
1059 828 1145 907 signa

401 953 488 1015 quam
510 951 562 1012 per
584 932 661 994 vatis
684 952 757 1012 opus
780 952 877 994 mores
900 933 1050 1014 animique
1072 933 1202 996 virorum

399 1040 544 1101 clarorum
567 1047 717 1119 apparent.
753 1059 807 1101 nec
830 1059 979 1102 semones
1002 1059 1055 1120 ego
1078 1040 1200 1103 mallem

399 1155 533 1226 repentes
555 1165 607 1225 per
629 1146 749 1207 humum
773 1166 861 1227 quam
884 1166 931 1208 res
954 1166 1129 1226 componere
1152 1155 1250 1227 gestas

290 1254 293 1259 ’
399 1262 598 1334 terrarumque
622 1252 696 1313 situs
720 1261 749 1313 et
772 1252 894 1314 flumina
917 1251 1013 1314 dicere
1035 1262 1065 1313 et
1088 1273 1169 1315 arces

401 1359 551 1422 montibus
575 1358 730 1438 impositas
754 1368 784 1420 et
806 1361 934 1421 barbara
956 1378 1046 1439 regna
1068 1358 1184 1442 tuisque

400 1466 539 1547 auspiciis
562 1474 658 1527 totum
680 1466 816 1527 confecta
840 1463 939 1527 duella
960 1485 1013 1545 per
1036 1468 1139 1529 orbem

401 1573 586 1654 claustraque
610 1573 761 1633 custodem
784 1570 867 1651 pacis
891 1571 1062 1634 cohibentia
1083 1573 1188 1635 Ianum

400 1688 430 1741 et
452 1680 643 1741 formidatam
664 1677 783 1740 Parthis
807 1686 837 1738 te
859 1677 991 1757 principe
1013 1678 1151 1754 Romam,

401 1786 426 1847 si
443 1795 584 1868 qnantum
602 1804 737 1865 cuperem
752 1803 871 1863 possem
884 1804 1019 1865 quoque3
1044 1788 1097 1847 sed
1112 1806 1206 1867 neque
1221 1803 1344 1865 parvum

402 1912 516 1954 carmen
541 1891 681 1953 maiestas
704 1890 810 1971 recipit
832 1899 892 1964 tna,
916 1910 970 1951 nec
994 1910 1075 1953 meus
1098 1894 1187 1955 audet

400 2018 462 2060 rem
485 2006 629 2077 temptare
651 1998 754 2077 pudor,
780 2017 868 2078 quam
892 1996 969 2059 vires
991 1998 1064 2059 ferre
1087 2008 1229 2061 recusent.

402 2105 444 2166 nil
467 2124 566 2167 moror
589 2104 718 2165 officinm
740 2105 820 2184 quod
843 2123 890 2165 me
912 2111 1024 2184 parat,
1048 2125 1083 2166 ac
1105 2124 1201 2187 neque
1222 2108 1291 2168 licto
1421 2123 1466 2162 2⁶4

400 2211 431 2272 in
455 2212 538 2292 peius
560 2197 644 2271 ¹voltu
666 2209 791 2290 proponi
816 2230 915 2271 cereus
937 2229 1061 2291 nsquam

400 2338 454 2379 nec
477 2338 566 2398 prave
589 2317 676 2379 saetis
700 2316 831 2379 decorari
854 2316 989 2377 versibus
1011 2323 1091 2397 opto,

400 2444 438 2486 ne
460 2426 580 2486 rubeam
603 2422 706 2503 pingui
729 2424 857 2483 donatus
879 2442 999 2483 munere
1021 2431 1050 2482 et
1071 2443 1131 2484 nna

399 2550 464 2592 oum
488 2530 628 2610 scriptore
652 2549 717 2592 meo
741 2548 833 2608 capsa
856 2537 1006 2609 porrectus
1029 2537 1132 2609 aperta

398 2638 510 2698 deferar
531 2637 563 2697 in
586 2637 683 2698 vicum
707 2637 884 2697 vendentem
907 2643 956 2695 tus
980 2644 1009 2696 et
1033 2637 1139 2698 odores

399 2752 429 2805 et
449 2744 533 2823 piper
555 2751 584 2804 et
608 2742 749 2824 quidquid
773 2742 884 2803 chartis
907 2741 1044 2803 amicitur
1066 2741 1183 2821 ineptis

834 3131 871 3225 ll

443 3395 540 3468 Flore,
564 3397 643 3457 bono
669 3395 808 3476 claroque
830 3395 924 3456 fidelis
947 3395 1041 3456 amice
1062 3393 1185 3468 Neroni,

400 3501 492 3582 siquis
515 3501 589 3561 forte
612 3500 684 3561 velit
706 3521 828 3580 puerum
850 3501 907 3563 tibi
928 3503 1054 3562 rendere
1077 3509 1179 3562 natum

400 3606 508 3669 Tibure
532 3607 580 3668 vel
602 3607 709 3668 Gabiis
733 3617 763 3669 et
785 3616 883 3669 tecum
905 3607 948 3668 sic
971 3616 1041 3686 agat
1058 3605 1119 3668 ‘hic
1142 3615 1173 3667 et

400 3713 542 3774 candidus
566 3721 595 3774 et
616 3714 694 3775 talos
717 3734 736 3775 a
758 3714 867 3776 vertice
891 3714 1012 3794 pulcher
1034 3714 1073 3774 ad
1095 3712 1171 3774 imos

263 3819 280 3874 5
399 3821 449 3880 fiet
471 3820 582 3902 eritque
603 3830 879 3883 tuusnummorum
901 3820 1022 3883 milibus
1046 3827 1124 3894 octo,

185 3927 191 3958 l

399 3991 532 4046 sedulitas
550 3997 642 4046 autem
662 3993 744 4048 stulte
763 4009 844 4062 quem
863 3993 952 4063 diligit
969 3997 1079 4063 urguet,

399 4080 546 4148 praecipue
565 4095 627 4134 eum
646 4095 676 4134 se
694 4082 815 4135 numeria
834 4080 1008 4135 commendat
1025 4085 1054 4134 et
1071 4085 1143 4134 arte:

399 4166 480 4221 discit
498 4167 569 4221 enim
588 4167 669 4242 eitius
687 4169 864 4236 meminitque
882 4168 1011 4222 libentius
1029 4168 1105 4238 illud,

398 4254 471 4323 quod
489 4255 550 4323 quie
568 4254 682 4325 deridet,
701 4270 784 4324 quam
802 4256 876 4325 quod
893 4255 992 4326 probat
1011 4260 1039 4310 et
1056 4260 1212 4311 veneratur,
