3209 5125
449 634 519 688 30

450 1168 520 1220 35

457 3619 526 3671 10

539 461 625 524 24

629 4257 689 4301 ΞΠ

1340 454 1400 515 Q.
1439 452 1704 503 HORATI
1740 452 1981 502 FLACCI

718 617 1139 679 insolabiliter:
1186 625 1385 679 tamen
1432 615 1585 676 istuc
1630 633 1796 674 mens
1843 613 2191 695 animusque

716 726 827 786 fert
874 733 933 785 et
975 733 1112 786 avet
1157 722 1364 804 spatiis
1413 720 1717 784 obstantia
1759 740 2023 800 rumpere
2070 722 2340 783 claustra.
2828 738 2854 778 ο

717 851 839 893 non
886 831 1021 892 istic
1069 830 1310 911 obliquo
1360 827 1529 890 oculo
1577 848 1711 889 mea
1755 830 2066 889 commoda
2111 828 2423 910 quisquam
2798 844 2853 884 ετ

714 939 902 1012 limat,
951 956 1072 997 uon
1119 935 1255 997 odio
1305 937 1552 997 obscuro
1599 953 1916 1015 morsuque
1960 943 2241 996 venenat:

716 1045 912 1106 rident
955 1042 1138 1105 vicini
1184 1042 1422 1122 glaebas
1468 1049 1527 1102 et
1571 1060 1722 1102 saxa
1763 1049 2115 1103 moventem.

720 1170 893 1233 quem
937 1158 1142 1210 tenues
1189 1150 1430 1210 decuere
1474 1157 1649 1227 togae
1694 1147 1985 1229 nitidique
2029 1147 2248 1227 capilli,
2799 1157 2855 1197 ³²

719 1277 892 1339 quem
938 1256 1054 1317 scis
1099 1256 1400 1316 inmunem
1446 1254 1697 1316 Cinarae
1740 1253 2034 1335 placuisse
2077 1253 2295 1334 rapaci,

720 1384 892 1446 quem
936 1363 1205 1426 bibulum
1249 1361 1462 1443 liquidi
1504 1360 1704 1423 media
1746 1362 1821 1422 de
1864 1361 1995 1421 luce
2038 1360 2276 1422 Falerni

720 1469 858 1553 (nec
904 1470 1114 1532 lusisse
1158 1470 1356 1548 pudet,
1405 1469 1508 1529 sed
1554 1488 1676 1529 non
1722 1467 1979 1530 incidere
2024 1463 2256 1549 ludum)
2800 1482 2855 1522 ³6

723 1598 868 1639 cena
911 1575 1109 1640 brevis
1154 1575 1319 1637 iuvat
1364 1584 1424 1637 et
1467 1594 1649 1655 prope
1692 1572 1883 1636 rivum
1928 1593 2170 1635 somnus
2215 1574 2279 1634 in
2324 1574 2521 1636 herba.
2800 1591 2856 1632 ³5

721 1704 853 1745 cum
900 1683 1084 1745 servis
1128 1685 1356 1745 urbana
1400 1681 1590 1743 diaria
1633 1683 1840 1743 rodere
1882 1681 2104 1754 mavis3
2797 1698 2855 1737 ιο

718 1792 927 1853 horum
971 1798 1038 1851 tu
1080 1789 1144 1850 in
1190 1808 1493 1850 numerum
1537 1796 1680 1849 voto
1726 1787 1878 1848 ruis:
1933 1787 2161 1849 invidet
2202 1807 2373 1850 usum

720 1896 1012 1975 lignorum
1059 1904 1118 1956 et
1161 1895 1390 1976 pecoris
1436 1895 1548 1957 tibi
1595 1894 1724 1956 calo
1772 1901 2008 1973 argutus
2054 1901 2113 1954 et
2156 1894 2331 1956 horti.

725 2011 894 2083 optat
938 2003 1218 2084 ephippia
1259 2004 1390 2076 boS‚
1436 2001 1602 2082 piger
1647 2009 1815 2080 optat
1859 2020 2023 2063 arare
2070 2002 2352 2063 caballus.

724 2129 902 2191 quam
947 2110 1060 2171 scit
1102 2118 1361 2191 uterque,
1409 2108 1601 2170 libens
1650 2110 1900 2170 censebo
1948 2116 2216 2170 exerceat
2255 2116 2457 2169 artem.

1576 2356 1751 2452 XV

810 2531 977 2604 Quae
1025 2532 1104 2595 sit
1147 2532 1334 2596 hiems
1378 2533 1609 2610 Veliae,
1660 2535 1817 2616 quod
1864 2534 2107 2610 caelum,
2152 2534 2328 2611 Vala,
2378 2534 2613 2598 Salerni

721 2767 967 2830 quorum
1013 2748 1318 2809 hominum
1361 2748 1522 2828 regio
1570 2755 1629 2809 et
1675 2747 1866 2829 qualis
1909 2747 2025 2810 via.
2096 2768 2236 2810 nam
2279 2749 2423 2812 mihi
2469 2751 2651 2812 Baias

720 2857 899 2917 Musa
943 2874 1334 2935 supervacuas
1380 2854 1704 2930 Antonius,
1753 2863 1816 2916 at
1860 2864 2059 2917 tamen
2102 2856 2224 2917 illis

720 2982 824 3023 me·
860 2962 1002 3024 facit
1047 2961 1322 3036 invisum,
1371 2963 1565 3042 gelida
1611 2982 1743 3024 cum
1787 2962 2021 3042 perluor
2063 2965 2223 3025 unda

723 3089 828 3149 per
871 3069 1128 3130 medium
1175 3068 1372 3149 frigus,
1444 3089 1587 3130 saue
1630 3077 1883 3130 murteta
1924 3069 2177 3151 relinqui
2829 3090 2856 3130 5

721 3176 996 3257 dictaque
1042 3184 1370 3237 cessantem
1415 3175 1611 3237 nervis
1656 3175 1870 3237 elidere
1912 3179 2182 3239 morbum

723 3283 947 3344 sulfura
991 3283 1289 3344 contemni
1334 3281 1498 3344 vicus
1544 3282 1742 3363 gemit,
1789 3282 2025 3346 invidus
2072 3284 2278 3365 aegriS,

724 3389 825 3471 qui
872 3399 1048 3469 caput
1092 3399 1152 3451 et
1197 3391 1564 3452 stomachum
1612 3410 1939 3471 supponere
1983 3392 2249 3454 fontibus
2293 3393 2512 3454 audent

725 3495 984 3557 Clusinis
1031 3496 1376 3578 Gabiosque
1419 3506 1629 3577 petunt
1673 3506 1733 3559 et
1775 3497 1987 3578 frigida
2029 3517 2178 3559 rura.

723 3604 1036 3665 mutandus
1081 3603 1247 3666 locus
1293 3613 1400 3680 est,
1448 3613 1508 3666 et
1550 3605 1886 3667 deversoria
1929 3613 2076 3666 nota
2800 3627 2856 3666 ιο

719 3711 1208 3790 praeteragendus
1254 3730 1454 3792 equuS.
1507 3709 1527 3732 ⁶
1540 3731 1655 3793 quo
1703 3711 1938 3774 tendis?
1983 3731 2105 3772 nou
2149 3710 2297 3772 mihi
2346 3710 2561 3772 Cumas

725 3825 813 3877 rua-t.
857 3816 966 3878 iter
1009 3826 1113 3878 aut
1157 3813 1362 3879 Baias'
1413 3817 1581 3880 laeva
1626 3818 2032 3879 stomachosus
2076 3819 2311 3880 habena

725 3925 879 3985 dine-t
923 3943 1099 4005 eques
1147 3921 1284 4005 [sed
1329 3925 1494 4006 equis
1538 3926 1763 3986 frenato
1812 3932 1901 3985 est
1944 3924 2100 3985 auris
2146 3924 2209 3985 in
2256 3920 2405 4006 ore].

693 4169 853 4217 limam
888 4184 1081 4218 nnc-1⁸10.
1167 4169 1232 4218 31
1274 4177 1389 4220 avet
1424 4168 1685 4222 Bentleius
1734 4178 1869 4219 amat
1914 4169 2035 4222 libra·
2185 4169 2286 4220 XV
2321 4170 2355 4222 3
2393 4179 2446 4222 at
2478 4169 2531 4222 R
2566 4178 2619 4221 et
2660 4170 2781 4223 libra·

733 4257 866 4317 vqnis
904 4276 936 4319 ς
971 4257 1088 4331 equi
1123 4254 1370 4328 Bquw.
