3209 5125
670 441 700 501 Q.
719 441 852 491 HORA'H
869 442 991 493 sunuel

380 600 507 681 ingeniis
529 620 590 662 non
613 601 664 663 ille
686 602 765 663 favet
787 602 960 686 plauditque
982 606 1114 685 sepultis,

380 716 481 769 nostra
504 709 556 769 sed
577 708 739 789 impugnat,
763 728 819 770 nos
842 719 1000 791 nostraque
1022 711 1131 775 lividus
1155 714 1226 777 odit.

380 814 486 895 quodsi
508 823 570 875 tarn
594 812 717 875 Graecis
740 816 859 877 novitas
881 817 980 878 invisa
1001 818 1104 879 fuisset
1426 832 1455 873 90

380 940 467 1000 quam
491 920 587 994 nobis,
613 920 683 1001 quid
706 940 784 982 nunc
807 930 884 982 esset
907 924 1012 987 vetus?
1034 935 1086 987 aut
1108 926 1179 1008 quid
1201 926 1322 989 haberet
1352 966 1356 973 ·

381 1028 460 1107 quod
482 1027 590 1107 legeret
611 1036 774 1109 tereretque
796 1028 907 1090 viritim
930 1030 1065 1109 publicus
1087 1032 1177 1095 usus?

424 1239 467 1301 Ut
488 1239 614 1319 primum
637 1240 743 1319 positis
766 1240 869 1319 nugari
892 1240 1020 1304 Graecia
1042 1243 1128 1306 bellis

379 1346 477 1425 coepit
500 1355 529 1407 et
550 1347 582 1406 in
607 1346 710 1409 vitium
733 1346 852 1408 fortuna
873 1346 967 1409 labier
989 1369 1092 1430 aequa,

379 1471 457 1513 nunc
479 1452 655 1514 athletamrn
678 1452 793 1528 studiis,
818 1473 897 1515 nunc
918 1454 992 1516 arsit
1014 1476 1164 1539 equorum,

378 1560 531 1621 marmoris
554 1569 606 1621 aut
629 1560 726 1621 eboris
749 1561 849 1623 fabros
872 1569 924 1622 aut
946 1562 1023 1623 aeris
1045 1565 1166 1641 amavit,

379 1666 532 1745 suspendit
553 1666 634 1746 picta
656 1666 769 1729 voltum
792 1676 977 1749 mentemque
1000 1669 1119 1745 tabella,

378 1793 456 1835 nunc
478 1773 651 1836 tibicinibus
674 1792 752 1834 nunc
775 1783 821 1835 est
842 1776 946 1854 gavisa
967 1777 1130 1856 tragoedis:

377 1881 432 1941 sub
456 1879 568 1941 nutrice
591 1879 690 1959 puella
712 1879 793 1941 velut
816 1882 842 1941 si
864 1882 977 1943 luderet
999 1883 1107 1957 infans,

378 1987 457 2069 quod
480 1986 584 2065 cupide
607 1986 693 2067 petiit
715 1995 828 2047 mature
850 1988 939 2067 plena
960 1988 1087 2070 reliquit.

375 2094 432 2155 hoc
455 2112 543 2173 paces
566 2093 692 2154 habuere
715 2094 812 2154 bonae
835 2096 974 2177 ventique
996 2096 1126 2159 secundi.

307 2265 310 2270 ,
375 2221 421 2262 res
443 2210 542 2281 gestae
564 2219 720 2280 regumque
743 2202 908 2282 ducumque
930 2211 960 2262 et
981 2202 1080 2265 tristia
1100 2202 1181 2264 bella
1243 2210 1248 2217 ’

376 2327 434 2390 quo
458 2306 547 2367 scribi
570 2314 691 2386 possent
714 2322 844 2382 numero,
868 2309 1045 2371 monstravit
1066 2309 1222 2372 Homerus.

375 2414 508 2475 versibus
530 2412 672 2492 inpariter
693 2413 802 2474 iunctis
826 2414 1009 2494 querimonia
1031 2416 1165 2495 primum,

375 2528 444 2601 post
467 2518 556 2580 etiam
579 2518 693 2582 inclusa
716 2528 761 2581 est
784 2520 847 2583 voti
870 2522 1018 2584 sententia
1040 2542 1169 2603 compos.

377 2628 442 2709 quis
465 2635 565 2688 tamen
587 2626 708 2716 exiguos
732 2627 830 2708 elegos
853 2628 983 2690 emiserit
1004 2639 1114 2705 auctor,

374 2732 557 2814 grammatici
580 2741 701 2808 certant,
726 2744 755 2796 et
777 2736 873 2796 adhuc
896 2737 951 2797 sub
974 2735 1070 2798 iudice
1091 2735 1129 2797 lis
1153 2746 1206 2800 est.

374 2839 588 2902 Archilochum
611 2839 729 2919 proprio
753 2841 851 2904 rabies
873 2842 1001 2904 armavit
1021 2842 1137 2905 iambo:

373 2947 452 3009 hunc
475 2947 554 3008 socci
577 2966 678 3026 cepere
700 2949 805 3026 pedem
827 2950 1009 3031 grandesque
1032 2950 1176 3024 cothurni,

374 3054 495 3116 alternis
518 3062 619 3133 aptum
643 3055 827 3116 sermonibus
850 3064 879 3115 et
901 3055 1052 3135 popularis

374 3161 540 3223 vincentem
564 3159 702 3240 strepitus
726 3170 755 3222 et
776 3170 879 3222 natum
900 3163 988 3223 rebus
1011 3163 1140 3243 agendis.

373 3269 462 3328 Musa
484 3267 565 3329 dedit
587 3267 694 3328 fidibus
717 3267 802 3328 divos
825 3287 990 3351 puerosque
1012 3271 1132 3331 deorum

376 3382 405 3434 et
427 3373 555 3453 pugilem
578 3373 720 3436 victorem
743 3383 773 3435 et
796 3394 902 3455 equum
926 3376 1085 3437 certamine
1106 3377 1233 3456 primum

374 3488 404 3540 et
424 3479 563 3542 iuvenum
587 3500 670 3542 curas
693 3488 723 3541 et
744 3480 839 3542 libera
860 3481 931 3542 vina
952 3482 1065 3543 referre.

419 3693 534 3754 Romae
556 3691 641 3754 dulce
663 3691 715 3754 diu
736 3692 791 3753 fuit
814 3702 843 3754 et
865 3692 1007 3755 sollemne
1030 3693 1144 3756 reclusa

375 3818 461 3860 mane
484 3800 571 3860 domo
594 3799 725 3878 vigilare,
750 3799 851 3861 clienti
873 3819 1004 3879 promere
1026 3799 1099 3875 iura,

203 3911 255 3965 115
375 3914 477 3967 cautos
500 3905 669 3967 nominibus
691 3905 779 3967 rectis
803 3908 967 3985 expendere
989 3926 1134 3982 nummos,

375 4012 500 4072 maiores
523 4011 633 4086 audire,⁴
657 4011 763 4074 minori
786 4012 882 4074 dicere
904 4033 957 4093 per
979 4033 1054 4095 quae

373 4236 438 4307 quid
456 4235 547 4307 placet
565 4240 614 4290 out
631 4236 694 4291 odio
713 4241 763 4307 est,
782 4237 857 4306 quod
874 4253 929 4293 nou
947 4238 1078 4294 mutabile
1096 4239 1213 4294 credas?
