<?xml version="1.0" encoding="UTF-8"?>
<!DOCTYPE html PUBLIC "-//W3C//DTD XHTML 1.0 Transitional//EN"
    "http://www.w3.org/TR/xhtml1/DTD/xhtml1-transitional.dtd">
<html xmlns="http://www.w3.org/1999/xhtml" xml:lang="en" lang="en">
 <head>
  <title>
</title>
<meta http-equiv="Content-Type" content="text/html;charset=utf-8" />
  <meta name='ocr-system' content='tesseract 3.04.00' />
  <meta name='ocr-capabilities' content='ocr_page ocr_carea ocr_par ocr_line ocrx_word'/>
</head>
<body>
  <div class='ocr_page' id='page_1' title='image "./epistelnundbuch00ribbgoog_0075.png"; bbox 0 0 3209 5125; ppageno 0'>
   <div class='ocr_carea' id='block_1_1' title="bbox 674 460 1001 522">
    <p class='ocr_par' dir='ltr' id='par_1_1' title="bbox 674 460 1001 522">
     <span class='ocr_line' id='line_1_1' title="bbox 674 460 1001 522; baseline -0.009 -10"><span class='ocrx_word' id='word_1_1' title='bbox 674 462 704 522; x_wconf 81' lang='lat' dir='ltr'>Q.</span> <span class='ocrx_word' id='word_1_2' title='bbox 723 460 856 512; x_wconf 67' lang='lat' dir='ltr'>Hortari</span> <span class='ocrx_word' id='word_1_3' title='bbox 879 460 1001 510; x_wconf 76' lang='lat' dir='ltr'>FLAOCI</span> 
     </span>
    </p>
   </div>
   <div class='ocr_carea' id='block_1_2' title="bbox 348 616 1284 2195">
    <p class='ocr_par' dir='ltr' id='par_1_2' title="bbox 389 616 1240 1237">
     <span class='ocr_line' id='line_1_2' title="bbox 389 616 1082 705; baseline -0.004 -21"><span class='ocrx_word' id='word_1_4' title='bbox 389 632 418 685; x_wconf 89' lang='lat' dir='ltr'>et</span> <span class='ocrx_word' id='word_1_5' title='bbox 441 624 520 705; x_wconf 90' lang='lat' dir='ltr'>quod</span> <span class='ocrx_word' id='word_1_6' title='bbox 542 642 603 685; x_wconf 91' lang='lat' dir='ltr'>non</span> <span class='ocrx_word' id='word_1_7' title='bbox 625 622 716 686; x_wconf 90' lang='lat' dir='ltr'>didici</span> <span class='ocrx_word' id='word_1_8' title='bbox 739 641 820 696; x_wconf 90' lang='lat' dir='ltr'>saue,</span> <span class='ocrx_word' id='word_1_9' title='bbox 843 620 955 683; x_wconf 88' lang='lat' dir='ltr'>nescire</span> <span class='ocrx_word' id='word_1_10' title='bbox 978 616 1082 683; x_wconf 74' lang='lat' dir='ltr'>fateri?</span> 
     </span>
     <span class='ocr_line' id='line_1_3' title="bbox 389 727 1044 811; baseline -0.006 -20"><span class='ocrx_word' id='word_1_11' title='bbox 389 730 538 810; x_wconf 81' lang='lat' dir='ltr'>ingenium</span> <span class='ocrx_word' id='word_1_12' title='bbox 561 730 668 791; x_wconf 90' lang='lat' dir='ltr'>misera</span> <span class='ocrx_word' id='word_1_13' title='bbox 690 729 761 811; x_wconf 88' lang='lat' dir='ltr'>quia</span> <span class='ocrx_word' id='word_1_14' title='bbox 781 727 959 789; x_wconf 82' lang='lat' dir='ltr'><strong>fortunatius</strong></span> <span class='ocrx_word' id='word_1_15' title='bbox 981 733 1044 788; x_wconf 78' lang='lat' dir='ltr'>arte</span> 
     </span>
     <span class='ocr_line' id='line_1_4' title="bbox 389 834 1091 914; baseline -0.004 -15"><span class='ocrx_word' id='word_1_16' title='bbox 389 837 481 899; x_wconf 89' lang='lat' dir='ltr'>credit</span> <span class='ocrx_word' id='word_1_17' title='bbox 504 845 533 897; x_wconf 91' lang='lat' dir='ltr'>et</span> <span class='ocrx_word' id='word_1_18' title='bbox 555 836 684 899; x_wconf 83' lang='lat' dir='ltr'><strong>excludit</strong></span> <span class='ocrx_word' id='word_1_19' title='bbox 707 856 796 899; x_wconf 90' lang='lat' dir='ltr'>sanos</span> <span class='ocrx_word' id='word_1_20' title='bbox 818 834 964 897; x_wconf 83' lang='lat' dir='ltr'>Helicone</span> <span class='ocrx_word' id='word_1_21' title='bbox 987 841 1091 914; x_wconf 68' lang='lat' dir='ltr'>poetas</span> 
     </span>
     <span class='ocr_line' id='line_1_5' title="bbox 389 933 1240 1023; baseline -0.008 -18"><span class='ocrx_word' id='word_1_22' title='bbox 389 942 586 1017; x_wconf 81' lang='lat' dir='ltr'>Democritus,</span> <span class='ocrx_word' id='word_1_23' title='bbox 610 946 691 1007; x_wconf 88' lang='lat' dir='ltr'>bona</span> <span class='ocrx_word' id='word_1_24' title='bbox 713 963 782 1023; x_wconf 87' lang='lat' dir='ltr'>pars</span> <span class='ocrx_word' id='word_1_25' title='bbox 806 962 867 1003; x_wconf 90' lang='lat' dir='ltr'>non</span> <span class='ocrx_word' id='word_1_26' title='bbox 889 933 995 1022; x_wconf 86' lang='lat' dir='ltr'>unguis</span> <span class='ocrx_word' id='word_1_27' title='bbox 1017 959 1126 1020; x_wconf 88' lang='lat' dir='ltr'>ponere</span> <span class='ocrx_word' id='word_1_28' title='bbox 1149 945 1240 1011; x_wconf 85' lang='lat' dir='ltr'>curat,</span> 
     </span>
     <span class='ocr_line' id='line_1_6' title="bbox 390 1046 1172 1129; baseline -0.004 -19"><span class='ocrx_word' id='word_1_29' title='bbox 390 1070 450 1112; x_wconf 92' lang='lat' dir='ltr'>non</span> <span class='ocrx_word' id='word_1_30' title='bbox 472 1052 605 1124; x_wconf 79' lang='lat' dir='ltr'>barbam,</span> <span class='ocrx_word' id='word_1_31' title='bbox 630 1058 742 1112; x_wconf 88' lang='lat' dir='ltr'>secreta</span> <span class='ocrx_word' id='word_1_32' title='bbox 763 1049 839 1129; x_wconf 89' lang='lat' dir='ltr'>petit</span> <span class='ocrx_word' id='word_1_33' title='bbox 861 1049 936 1123; x_wconf 86' lang='lat' dir='ltr'>loca,</span> <span class='ocrx_word' id='word_1_34' title='bbox 959 1048 1067 1110; x_wconf 86' lang='lat' dir='ltr'>balnea</span> <span class='ocrx_word' id='word_1_35' title='bbox 1088 1046 1172 1108; x_wconf 90' lang='lat' dir='ltr'>vitat.</span> 
     </span>
     <span class='ocr_line' id='line_1_7' title="bbox 390 1155 1140 1237; baseline -0.003 -20"><span class='ocrx_word' id='word_1_36' title='bbox 390 1156 575 1217; x_wconf 80' lang='lat' dir='ltr'>nanciscetur</span> <span class='ocrx_word' id='word_1_37' title='bbox 597 1155 676 1217; x_wconf 92' lang='lat' dir='ltr'>enim</span> <span class='ocrx_word' id='word_1_38' title='bbox 698 1155 823 1236; x_wconf 90' lang='lat' dir='ltr'>pretium</span> <span class='ocrx_word' id='word_1_39' title='bbox 846 1174 1012 1237; x_wconf 90' lang='lat' dir='ltr'>nomenque</span> <span class='ocrx_word' id='word_1_40' title='bbox 1033 1161 1140 1234; x_wconf 79' lang='lat' dir='ltr'>poetae</span> 
     </span>
    </p>

    <p class='ocr_par' dir='ltr' id='par_1_3' title="bbox 348 1260 1284 2195">
     <span class='ocr_line' id='line_1_8' title="bbox 348 1260 1217 1345; baseline -0.005 -20"><span class='ocrx_word' id='word_1_41' title='bbox 348 1263 351 1271; x_wconf 84' lang='lat'>&#39;</span> <span class='ocrx_word' id='word_1_42' title='bbox 392 1264 443 1345; x_wconf 92' lang='lat' dir='ltr'>qui</span> <span class='ocrx_word' id='word_1_43' title='bbox 464 1262 558 1324; x_wconf 91' lang='lat' dir='ltr'>tribus</span> <span class='ocrx_word' id='word_1_44' title='bbox 580 1261 735 1344; x_wconf 83' lang='lat' dir='ltr'>Anticyris</span> <span class='ocrx_word' id='word_1_45' title='bbox 759 1270 847 1342; x_wconf 88' lang='lat' dir='ltr'>caput</span> <span class='ocrx_word' id='word_1_46' title='bbox 868 1260 1035 1323; x_wconf 89' lang='lat' dir='ltr'>insanabile</span> <span class='ocrx_word' id='word_1_47' title='bbox 1056 1278 1217 1341; x_wconf 85' lang='lat' dir='ltr'>numquam</span> 
     </span>
     <span class='ocr_line' id='line_1_9' title="bbox 390 1350 1108 1448; baseline -0.001 -18"><span class='ocrx_word' id='word_1_48' title='bbox 390 1369 504 1431; x_wconf 91' lang='lat' dir='ltr'>tonsori</span> <span class='ocrx_word' id='word_1_49' title='bbox 527 1368 632 1430; x_wconf 90' lang='lat' dir='ltr'>Licino</span> <span class='ocrx_word' id='word_1_50' title='bbox 657 1350 844 1431; x_wconf 85' lang='lat' dir='ltr'>commiserit.</span> <span class='ocrx_word' id='word_1_51' title='bbox 879 1388 896 1429; x_wconf 96' lang='lat' dir='ltr'>o</span> <span class='ocrx_word' id='word_1_52' title='bbox 920 1388 973 1448; x_wconf 85' lang='lat' dir='ltr'>ego</span> <span class='ocrx_word' id='word_1_53' title='bbox 997 1367 1108 1440; x_wconf 72' lang='lat' dir='ltr'>laetus,</span> 
     </span>
     <span class='ocr_line' id='line_1_10' title="bbox 391 1473 1168 1558; baseline -0.006 -21"><span class='ocrx_word' id='word_1_54' title='bbox 391 1475 442 1558; x_wconf 93' lang='lat' dir='ltr'>qui</span> <span class='ocrx_word' id='word_1_55' title='bbox 464 1494 571 1555; x_wconf 85' lang='lat' dir='ltr'>purgor</span> <span class='ocrx_word' id='word_1_56' title='bbox 592 1474 683 1537; x_wconf 90' lang='lat' dir='ltr'>bilem</span> <span class='ocrx_word' id='word_1_57' title='bbox 706 1478 760 1538; x_wconf 90' lang='lat' dir='ltr'>sub</span> <span class='ocrx_word' id='word_1_58' title='bbox 783 1474 867 1537; x_wconf 87' lang='lat' dir='ltr'>verni</span> <span class='ocrx_word' id='word_1_59' title='bbox 889 1474 1029 1553; x_wconf 82' lang='lat' dir='ltr'>temporis</span> <span class='ocrx_word' id='word_1_60' title='bbox 1051 1473 1168 1535; x_wconf 82' lang='lat' dir='ltr'>horam!</span> 
     </span>
     <span class='ocr_line' id='line_1_11' title="bbox 390 1581 1130 1661; baseline -0.003 -18"><span class='ocrx_word' id='word_1_61' title='bbox 390 1602 451 1643; x_wconf 92' lang='lat' dir='ltr'>non</span> <span class='ocrx_word' id='word_1_62' title='bbox 473 1581 549 1643; x_wconf 85' lang='lat' dir='ltr'>alius</span> <span class='ocrx_word' id='word_1_63' title='bbox 572 1582 681 1643; x_wconf 85' lang='lat' dir='ltr'>faceret</span> <span class='ocrx_word' id='word_1_64' title='bbox 702 1581 825 1643; x_wconf 84' lang='lat' dir='ltr'>meliora</span> <span class='ocrx_word' id='word_1_65' title='bbox 847 1589 995 1661; x_wconf 71' lang='lat' dir='ltr'>poemata.</span> <span class='ocrx_word' id='word_1_66' title='bbox 1030 1600 1130 1641; x_wconf 90' lang='lat' dir='ltr'>verum</span> 
     </span>
     <span class='ocr_line' id='line_1_12' title="bbox 390 1687 1133 1769; baseline -0.001 -21"><span class='ocrx_word' id='word_1_67' title='bbox 390 1688 433 1748; x_wconf 92' lang='lat' dir='ltr'>nil</span> <span class='ocrx_word' id='word_1_68' title='bbox 456 1688 570 1749; x_wconf 85' lang='lat' dir='ltr'>tantist.</span> <span class='ocrx_word' id='word_1_69' title='bbox 603 1708 670 1768; x_wconf 85' lang='lat' dir='ltr'>ergo</span> <span class='ocrx_word' id='word_1_70' title='bbox 693 1689 797 1769; x_wconf 81' lang='lat' dir='ltr'>fungar</span> <span class='ocrx_word' id='word_1_71' title='bbox 819 1687 884 1749; x_wconf 86' lang='lat' dir='ltr'>vice</span> <span class='ocrx_word' id='word_1_72' title='bbox 907 1687 992 1761; x_wconf 89' lang='lat' dir='ltr'>cotis,</span> <span class='ocrx_word' id='word_1_73' title='bbox 1016 1695 1133 1748; x_wconf 84' lang='lat' dir='ltr'>acutum</span> 
     </span>
     <span class='ocr_line' id='line_1_13' title="bbox 390 1790 1217 1875; baseline -0.005 -20"><span class='ocrx_word' id='word_1_74' title='bbox 390 1796 509 1856; x_wconf 90' lang='lat' dir='ltr'>reddere</span> <span class='ocrx_word' id='word_1_75' title='bbox 533 1814 607 1875; x_wconf 84' lang='lat' dir='ltr'>quae</span> <span class='ocrx_word' id='word_1_76' title='bbox 629 1795 735 1855; x_wconf 79' lang='lat' dir='ltr'>ferrum</span> <span class='ocrx_word' id='word_1_77' title='bbox 758 1794 847 1868; x_wconf 88' lang='lat' dir='ltr'>valet,</span> <span class='ocrx_word' id='word_1_78' title='bbox 872 1813 974 1855; x_wconf 82' lang='lat' dir='ltr'>exsors</span> <span class='ocrx_word' id='word_1_79' title='bbox 996 1792 1063 1873; x_wconf 88' lang='lat' dir='ltr'>ipsa</span> <span class='ocrx_word' id='word_1_80' title='bbox 1085 1790 1217 1853; x_wconf 84' lang='lat' dir='ltr'>secandi:</span> 
     </span>
     <span class='ocr_line' id='line_1_14' title="bbox 391 1899 1172 1980; baseline -0.005 -18"><span class='ocrx_word' id='word_1_81' title='bbox 391 1920 497 1963; x_wconf 91' lang='lat' dir='ltr'>munus</span> <span class='ocrx_word' id='word_1_82' title='bbox 520 1909 549 1962; x_wconf 88' lang='lat' dir='ltr'>et</span> <span class='ocrx_word' id='word_1_83' title='bbox 572 1900 709 1974; x_wconf 87' lang='lat' dir='ltr'>officium,</span> <span class='ocrx_word' id='word_1_84' title='bbox 733 1900 775 1961; x_wconf 91' lang='lat' dir='ltr'>nil</span> <span class='ocrx_word' id='word_1_85' title='bbox 799 1900 931 1963; x_wconf 88' lang='lat' dir='ltr'>scribens</span> <span class='ocrx_word' id='word_1_86' title='bbox 954 1900 1026 1980; x_wconf 89' lang='lat' dir='ltr'>ipse,</span> <span class='ocrx_word' id='word_1_87' title='bbox 1050 1899 1172 1971; x_wconf 90' lang='lat' dir='ltr'>docebo,</span> 
     </span>
     <span class='ocr_line' id='line_1_15' title="bbox 390 2006 1247 2088; baseline -0.004 -21"><span class='ocrx_word' id='word_1_88' title='bbox 390 2009 467 2069; x_wconf 91' lang='lat' dir='ltr'>unde</span> <span class='ocrx_word' id='word_1_89' title='bbox 490 2016 628 2087; x_wconf 87' lang='lat' dir='ltr'>parentur</span> <span class='ocrx_word' id='word_1_90' title='bbox 651 2026 731 2087; x_wconf 87' lang='lat' dir='ltr'>opes,</span> <span class='ocrx_word' id='word_1_91' title='bbox 756 2006 828 2088; x_wconf 93' lang='lat' dir='ltr'>quid</span> <span class='ocrx_word' id='word_1_92' title='bbox 849 2006 912 2068; x_wconf 86' lang='lat' dir='ltr'>alat</span> <span class='ocrx_word' id='word_1_93' title='bbox 934 2006 1096 2087; x_wconf 86' lang='lat' dir='ltr'>formetque</span> <span class='ocrx_word' id='word_1_94' title='bbox 1118 2012 1247 2083; x_wconf 68' lang='lat' dir='ltr'>poetam,</span> 
     </span>
     <span class='ocr_line' id='line_1_16' title="bbox 392 2105 1284 2195; baseline -0.007 -20"><span class='ocrx_word' id='word_1_95' title='bbox 392 2114 462 2195; x_wconf 93' lang='lat' dir='ltr'>quid</span> <span class='ocrx_word' id='word_1_96' title='bbox 485 2115 596 2188; x_wconf 86' lang='lat' dir='ltr'>deceat,</span> <span class='ocrx_word' id='word_1_97' title='bbox 622 2113 692 2195; x_wconf 91' lang='lat' dir='ltr'>quid</span> <span class='ocrx_word' id='word_1_98' title='bbox 715 2133 785 2187; x_wconf 91' lang='lat' dir='ltr'>non,</span> <span class='ocrx_word' id='word_1_99' title='bbox 811 2133 868 2195; x_wconf 91' lang='lat' dir='ltr'>quo</span> <span class='ocrx_word' id='word_1_100' title='bbox 892 2105 995 2186; x_wconf 76' lang='lat' dir='ltr'>virtus,</span> <span class='ocrx_word' id='word_1_101' title='bbox 1020 2132 1077 2193; x_wconf 93' lang='lat' dir='ltr'>quo</span> <span class='ocrx_word' id='word_1_102' title='bbox 1100 2110 1175 2171; x_wconf 84' lang='lat' dir='ltr'>ferat</span> <span class='ocrx_word' id='word_1_103' title='bbox 1197 2127 1284 2192; x_wconf 88' lang='lat' dir='ltr'>error.</span> 
     </span>
    </p>
   </div>
   <div class='ocr_carea' id='block_1_3' title="bbox 389 2321 1258 4000">
    <p class='ocr_par' dir='ltr' id='par_1_4' title="bbox 389 2321 1258 4000">
     <span class='ocr_line' id='line_1_17' title="bbox 436 2321 1258 2407; baseline -0.006 -20"><span class='ocrx_word' id='word_1_104' title='bbox 436 2327 482 2387; x_wconf 85' lang='lat' dir='ltr'>Tu</span> <span class='ocrx_word' id='word_1_105' title='bbox 505 2324 576 2407; x_wconf 90' lang='lat' dir='ltr'>quid</span> <span class='ocrx_word' id='word_1_106' title='bbox 599 2345 651 2405; x_wconf 83' lang='lat' dir='ltr'>ego</span> <span class='ocrx_word' id='word_1_107' title='bbox 676 2334 705 2386; x_wconf 89' lang='lat' dir='ltr'>et</span> <span class='ocrx_word' id='word_1_108' title='bbox 727 2325 854 2406; x_wconf 90' lang='lat' dir='ltr'>populus</span> <span class='ocrx_word' id='word_1_109' title='bbox 877 2343 990 2386; x_wconf 89' lang='lat' dir='ltr'>mecum</span> <span class='ocrx_word' id='word_1_110' title='bbox 1013 2322 1159 2386; x_wconf 87' lang='lat' dir='ltr'>desideret</span> <span class='ocrx_word' id='word_1_111' title='bbox 1180 2321 1258 2383; x_wconf 89' lang='lat' dir='ltr'>audi.</span> 
     </span>
     <span class='ocr_line' id='line_1_18' title="bbox 391 2430 1118 2511; baseline -0.001 -19"><span class='ocrx_word' id='word_1_112' title='bbox 391 2431 565 2511; x_wconf 83' lang='lat' dir='ltr'>spectatoris</span> <span class='ocrx_word' id='word_1_113' title='bbox 588 2451 654 2511; x_wconf 84' lang='lat' dir='ltr'>eges</span> <span class='ocrx_word' id='word_1_114' title='bbox 678 2433 782 2494; x_wconf 82' lang='lat' dir='ltr'>aulaea</span> <span class='ocrx_word' id='word_1_115' title='bbox 802 2432 951 2494; x_wconf 90' lang='lat' dir='ltr'>manentis</span> <span class='ocrx_word' id='word_1_116' title='bbox 967 2430 1004 2492; x_wconf 87' lang='lat' dir='ltr'>&#39;et</span> <span class='ocrx_word' id='word_1_117' title='bbox 1025 2449 1118 2511; x_wconf 90' lang='lat' dir='ltr'>usque</span> 
     </span>
     <span class='ocr_line' id='line_1_19' title="bbox 390 2530 1122 2620; baseline -0.004 -20"><span class='ocrx_word' id='word_1_118' title='bbox 390 2530 506 2613; x_wconf 81' lang='lat' dir='ltr'>sessuri,</span> <span class='ocrx_word' id='word_1_119' title='bbox 531 2539 625 2600; x_wconf 91' lang='lat' dir='ltr'>donec</span> <span class='ocrx_word' id='word_1_120' title='bbox 649 2547 752 2601; x_wconf 87' lang='lat' dir='ltr'>cantor</span> <span class='ocrx_word' id='word_1_121' title='bbox 766 2536 836 2602; x_wconf 86' lang='lat' dir='ltr'>‘vos</span> <span class='ocrx_word' id='word_1_122' title='bbox 858 2534 1006 2620; x_wconf 80' lang='lat' dir='ltr'>plaudite&#39;</span> <span class='ocrx_word' id='word_1_123' title='bbox 1029 2536 1122 2599; x_wconf 88' lang='lat' dir='ltr'>dicat:</span> 
     </span>
     <span class='ocr_line' id='line_1_20' title="bbox 389 2644 1103 2726; baseline -0.001 -20"><span class='ocrx_word' id='word_1_124' title='bbox 389 2645 495 2706; x_wconf 86' lang='lat' dir='ltr'>aetatis</span> <span class='ocrx_word' id='word_1_125' title='bbox 519 2645 658 2726; x_wconf 90' lang='lat' dir='ltr'>cuiusque</span> <span class='ocrx_word' id='word_1_126' title='bbox 681 2646 805 2707; x_wconf 84' lang='lat' dir='ltr'>notandi</span> <span class='ocrx_word' id='word_1_127' title='bbox 828 2654 897 2707; x_wconf 90' lang='lat' dir='ltr'>sunt</span> <span class='ocrx_word' id='word_1_128' title='bbox 918 2644 975 2708; x_wconf 90' lang='lat' dir='ltr'>tibi</span> <span class='ocrx_word' id='word_1_129' title='bbox 997 2663 1103 2717; x_wconf 88' lang='lat' dir='ltr'>mores,</span> 
     </span>
     <span class='ocr_line' id='line_1_21' title="bbox 390 2749 1167 2833; baseline -0.004 -21"><span class='ocrx_word' id='word_1_130' title='bbox 390 2751 608 2833; x_wconf 87' lang='lat' dir='ltr'>mobilibusque</span> <span class='ocrx_word' id='word_1_131' title='bbox 630 2753 718 2814; x_wconf 88' lang='lat' dir='ltr'>decor</span> <span class='ocrx_word' id='word_1_132' title='bbox 739 2753 862 2814; x_wconf 90' lang='lat' dir='ltr'>maturis</span> <span class='ocrx_word' id='word_1_133' title='bbox 885 2753 999 2813; x_wconf 85' lang='lat' dir='ltr'>dandus</span> <span class='ocrx_word' id='word_1_134' title='bbox 1022 2759 1051 2812; x_wconf 91' lang='lat' dir='ltr'>et</span> <span class='ocrx_word' id='word_1_135' title='bbox 1073 2749 1167 2812; x_wconf 78' lang='lat' dir='ltr'>annis</span> 
     </span>
     <span class='ocr_line' id='line_1_22' title="bbox 391 2857 1198 2938; baseline -0.004 -19"><span class='ocrx_word' id='word_1_136' title='bbox 391 2858 511 2919; x_wconf 90' lang='lat' dir='ltr'>reddere</span> <span class='ocrx_word' id='word_1_137' title='bbox 535 2857 585 2938; x_wconf 90' lang='lat' dir='ltr'>qui</span> <span class='ocrx_word' id='word_1_138' title='bbox 607 2877 694 2919; x_wconf 87' lang='lat' dir='ltr'>voces</span> <span class='ocrx_word' id='word_1_139' title='bbox 718 2858 780 2919; x_wconf 83' lang='lat' dir='ltr'>iam&#39;</span> <span class='ocrx_word' id='word_1_140' title='bbox 800 2859 857 2920; x_wconf 89' lang='lat' dir='ltr'>scit</span> <span class='ocrx_word' id='word_1_141' title='bbox 879 2878 950 2938; x_wconf 90' lang='lat' dir='ltr'>puer</span> <span class='ocrx_word' id='word_1_142' title='bbox 972 2866 1002 2918; x_wconf 90' lang='lat' dir='ltr'>et</span> <span class='ocrx_word' id='word_1_143' title='bbox 1023 2859 1097 2937; x_wconf 86' lang='lat' dir='ltr'>pede</span> <span class='ocrx_word' id='word_1_144' title='bbox 1119 2864 1198 2918; x_wconf 88' lang='lat' dir='ltr'>certo</span> 
     </span>
     <span class='ocr_line' id='line_1_23' title="bbox 390 2961 1221 3044; baseline -0.004 -19"><span class='ocrx_word' id='word_1_145' title='bbox 390 2965 487 3044; x_wconf 85' lang='lat' dir='ltr'>signat</span> <span class='ocrx_word' id='word_1_146' title='bbox 509 2964 638 3039; x_wconf 90' lang='lat' dir='ltr'>humum,</span> <span class='ocrx_word' id='word_1_147' title='bbox 663 2964 751 3044; x_wconf 86' lang='lat' dir='ltr'>gestit</span> <span class='ocrx_word' id='word_1_148' title='bbox 772 2965 893 3043; x_wconf 85' lang='lat' dir='ltr'>paribus</span> <span class='ocrx_word' id='word_1_149' title='bbox 917 2964 1072 3037; x_wconf 88' lang='lat' dir='ltr'>colludere,</span> <span class='ocrx_word' id='word_1_150' title='bbox 1096 2971 1126 3024; x_wconf 91' lang='lat' dir='ltr'>et</span> <span class='ocrx_word' id='word_1_151' title='bbox 1147 2961 1221 3022; x_wconf 88' lang='lat' dir='ltr'>iram</span> 
     </span>
     <span class='ocr_line' id='line_1_24' title="bbox 390 3069 1190 3150; baseline -0.004 -18"><span class='ocrx_word' id='word_1_152' title='bbox 390 3069 519 3150; x_wconf 90' lang='lat' dir='ltr'>concipit</span> <span class='ocrx_word' id='word_1_153' title='bbox 542 3090 576 3131; x_wconf 89' lang='lat' dir='ltr'>ac</span> <span class='ocrx_word' id='word_1_154' title='bbox 599 3071 684 3150; x_wconf 91' lang='lat' dir='ltr'>ponit</span> <span class='ocrx_word' id='word_1_155' title='bbox 706 3079 815 3131; x_wconf 87' lang='lat' dir='ltr'>temere</span> <span class='ocrx_word' id='word_1_156' title='bbox 838 3079 867 3131; x_wconf 87' lang='lat' dir='ltr'>et</span> <span class='ocrx_word' id='word_1_157' title='bbox 889 3069 1071 3132; x_wconf 80' lang='lat' dir='ltr'>mutatorio</span> <span class='ocrx_word' id='word_1_158' title='bbox 1093 3069 1190 3130; x_wconf 82' lang='lat' dir='ltr'>horas</span> 
     </span>
     <span class='ocr_line' id='line_1_25' title="bbox 389 3175 1109 3251; baseline -0.001 -14"><span class='ocrx_word' id='word_1_159' title='bbox 389 3177 527 3239; x_wconf 91' lang='lat' dir='ltr'>inberbus</span> <span class='ocrx_word' id='word_1_160' title='bbox 551 3175 675 3251; x_wconf 69' lang='lat' dir='ltr'>iuvenis</span> <span class='ocrx_word' id='word_1_161' title='bbox 700 3177 820 3237; x_wconf 86' lang='lat' dir='ltr'>tandem</span> <span class='ocrx_word' id='word_1_162' title='bbox 843 3178 964 3238; x_wconf 89' lang='lat' dir='ltr'>custode</span> <span class='ocrx_word' id='word_1_163' title='bbox 986 3185 1109 3250; x_wconf 90' lang='lat' dir='ltr'>remoto,</span> 
     </span>
     <span class='ocr_line' id='line_1_26' title="bbox 389 3279 1251 3364; baseline -0.003 -20"><span class='ocrx_word' id='word_1_164' title='bbox 389 3284 495 3364; x_wconf 87' lang='lat' dir='ltr'>gaudet</span> <span class='ocrx_word' id='word_1_165' title='bbox 518 3283 600 3363; x_wconf 89' lang='lat' dir='ltr'>equis</span> <span class='ocrx_word' id='word_1_166' title='bbox 624 3282 803 3364; x_wconf 87' lang='lat' dir='ltr'>canibusque</span> <span class='ocrx_word' id='word_1_167' title='bbox 827 3291 856 3344; x_wconf 91' lang='lat' dir='ltr'>et</span> <span class='ocrx_word' id='word_1_168' title='bbox 878 3282 970 3362; x_wconf 88' lang='lat' dir='ltr'>aprici</span> <span class='ocrx_word' id='word_1_169' title='bbox 992 3282 1123 3362; x_wconf 83' lang='lat' dir='ltr'>gramine</span> <span class='ocrx_word' id='word_1_170' title='bbox 1145 3279 1251 3360; x_wconf 85' lang='lat' dir='ltr'>campi,</span> 
     </span>
     <span class='ocr_line' id='line_1_27' title="bbox 390 3388 1120 3468; baseline -0.001 -18"><span class='ocrx_word' id='word_1_171' title='bbox 390 3409 489 3450; x_wconf 87' lang='lat' dir='ltr'>cereus</span> <span class='ocrx_word' id='word_1_172' title='bbox 511 3389 543 3448; x_wconf 93' lang='lat' dir='ltr'>in</span> <span class='ocrx_word' id='word_1_173' title='bbox 566 3389 671 3450; x_wconf 86' lang='lat' dir='ltr'>vitium</span> <span class='ocrx_word' id='word_1_174' title='bbox 694 3388 781 3463; x_wconf 89' lang='lat' dir='ltr'>flecti,</span> <span class='ocrx_word' id='word_1_175' title='bbox 806 3388 1002 3452; x_wconf 89' lang='lat' dir='ltr'>monitoribus</span> <span class='ocrx_word' id='word_1_176' title='bbox 1024 3407 1120 3468; x_wconf 86' lang='lat' dir='ltr'>asper,</span> 
     </span>
     <span class='ocr_line' id='line_1_28' title="bbox 390 3493 1066 3574; baseline -0.001 -20"><span class='ocrx_word' id='word_1_177' title='bbox 390 3494 506 3555; x_wconf 91' lang='lat' dir='ltr'>utilium</span> <span class='ocrx_word' id='word_1_178' title='bbox 529 3497 629 3556; x_wconf 85' lang='lat' dir='ltr'>tardus</span> <span class='ocrx_word' id='word_1_179' title='bbox 652 3495 795 3574; x_wconf 87' lang='lat' dir='ltr'>provisor,</span> <span class='ocrx_word' id='word_1_180' title='bbox 820 3494 959 3574; x_wconf 81' lang='lat' dir='ltr'>prodigus</span> <span class='ocrx_word' id='word_1_181' title='bbox 982 3493 1066 3567; x_wconf 86' lang='lat' dir='ltr'>aeris,</span> 
     </span>
     <span class='ocr_line' id='line_1_29' title="bbox 390 3597 1222 3682; baseline -0.004 -20"><span class='ocrx_word' id='word_1_182' title='bbox 390 3600 524 3663; x_wconf 88' lang='lat' dir='ltr'>sublimis</span> <span class='ocrx_word' id='word_1_183' title='bbox 547 3601 727 3682; x_wconf 87' lang='lat' dir='ltr'>cupidusque</span> <span class='ocrx_word' id='word_1_184' title='bbox 750 3609 780 3662; x_wconf 90' lang='lat' dir='ltr'>et</span> <span class='ocrx_word' id='word_1_185' title='bbox 802 3609 902 3662; x_wconf 84' lang='lat' dir='ltr'>amata</span> <span class='ocrx_word' id='word_1_186' title='bbox 922 3599 1086 3680; x_wconf 89' lang='lat' dir='ltr'>relinquere</span> <span class='ocrx_word' id='word_1_187' title='bbox 1108 3597 1222 3679; x_wconf 74' lang='lat' dir='ltr'>pemirc</span> 
     </span>
     <span class='ocr_line' id='line_1_30' title="bbox 391 3705 1088 3788; baseline -0.004 -20"><span class='ocrx_word' id='word_1_188' title='bbox 391 3706 540 3768; x_wconf 88' lang='lat' dir='ltr'>conversis</span> <span class='ocrx_word' id='word_1_189' title='bbox 564 3707 669 3768; x_wconf 88' lang='lat' dir='ltr'>studiis</span> <span class='ocrx_word' id='word_1_190' title='bbox 692 3715 774 3768; x_wconf 87' lang='lat' dir='ltr'>aetas</span> <span class='ocrx_word' id='word_1_191' title='bbox 798 3707 972 3788; x_wconf 88' lang='lat' dir='ltr'>animusque</span> <span class='ocrx_word' id='word_1_192' title='bbox 994 3705 1088 3767; x_wconf 87' lang='lat' dir='ltr'>virilis</span> 
     </span>
     <span class='ocr_line' id='line_1_31' title="bbox 392 3809 1115 3894; baseline -0.006 -18"><span class='ocrx_word' id='word_1_193' title='bbox 392 3813 506 3894; x_wconf 89' lang='lat' dir='ltr'>quaerit</span> <span class='ocrx_word' id='word_1_194' title='bbox 529 3831 599 3892; x_wconf 89' lang='lat' dir='ltr'>opes</span> <span class='ocrx_word' id='word_1_195' title='bbox 624 3821 653 3873; x_wconf 90' lang='lat' dir='ltr'>et</span> <span class='ocrx_word' id='word_1_196' title='bbox 675 3813 832 3887; x_wconf 70' lang='lat' dir='ltr'>amicitias</span> <span class='ocrx_word' id='word_1_197' title='bbox 855 3812 979 3874; x_wconf 88' lang='lat' dir='ltr'>inservit</span> <span class='ocrx_word' id='word_1_198' title='bbox 1000 3809 1115 3884; x_wconf 92' lang='lat' dir='ltr'>honori,</span> 
     </span>
     <span class='ocr_line' id='line_1_32' title="bbox 391 3917 1155 4000; baseline -0.005 -20"><span class='ocrx_word' id='word_1_199' title='bbox 391 3918 573 3980; x_wconf 90' lang='lat' dir='ltr'>commisisse</span> <span class='ocrx_word' id='word_1_200' title='bbox 596 3927 681 3980; x_wconf 89' lang='lat' dir='ltr'>cavet</span> <span class='ocrx_word' id='word_1_201' title='bbox 703 3921 782 4000; x_wconf 92' lang='lat' dir='ltr'>quod</span> <span class='ocrx_word' id='word_1_202' title='bbox 805 3938 876 3980; x_wconf 86' lang='lat' dir='ltr'>mox</span> <span class='ocrx_word' id='word_1_203' title='bbox 898 3926 1011 3979; x_wconf 84' lang='lat' dir='ltr'>mutare</span> <span class='ocrx_word' id='word_1_204' title='bbox 1033 3917 1155 3979; x_wconf 84' lang='lat' dir='ltr'>laboret.</span> 
     </span>
    </p>
   </div>
   <div class='ocr_carea' id='block_1_4' title="bbox 280 4157 1394 4314">
    <p class='ocr_par' dir='ltr' id='par_1_5' title="bbox 280 4157 1394 4314">
     <span class='ocr_line' id='line_1_33' title="bbox 350 4157 1394 4227; baseline -0.005 -15"><span class='ocrx_word' id='word_1_205' title='bbox 350 4161 434 4212; x_wconf 76' lang='lat' dir='ltr'>Vnius</span> <span class='ocrx_word' id='word_1_206' title='bbox 446 4177 543 4212; x_wconf 81' lang='lat' dir='ltr'>uucrro.</span> <span class='ocrx_word' id='word_1_207' title='bbox 580 4162 614 4211; x_wconf 84' lang='grc'>86</span> <span class='ocrx_word' id='word_1_208' title='bbox 633 4162 675 4227; x_wconf 91' lang='lat' dir='ltr'>qui</span> <span class='ocrx_word' id='word_1_209' title='bbox 692 4162 718 4214; x_wconf 86' lang='lat' dir='ltr'><em>R</em></span> <span class='ocrx_word' id='word_1_210' title='bbox 736 4163 757 4213; x_wconf 86' lang='lat' dir='ltr'>si</span> <span class='ocrx_word' id='word_1_211' title='bbox 775 4161 835 4215; x_wconf 72' lang='lat' dir='ltr'>ltbrr’</span> <span class='ocrx_word' id='word_1_212' title='bbox 906 4161 941 4211; x_wconf 89' lang='grc'>96</span> <span class='ocrx_word' id='word_1_213' title='bbox 959 4160 1107 4226; x_wconf 81' lang='lat' dir='ltr'>spectatoris</span> <span class='ocrx_word' id='word_1_214' title='bbox 1126 4157 1270 4212; x_wconf 79' lang='lat' dir='ltr'>Meinelcr&#39;uo</span> <span class='ocrx_word' id='word_1_215' title='bbox 1288 4159 1309 4208; x_wconf 85' lang='lat' dir='ltr'>si</span> <span class='ocrx_word' id='word_1_216' title='bbox 1320 4157 1394 4223; x_wconf 87' lang='lat' dir='ltr'>plou-</span> 
     </span>
     <span class='ocr_line' id='line_1_34' title="bbox 280 4247 996 4314; baseline -0.003 -14"><span class='ocrx_word' id='word_1_217' title='bbox 280 4250 343 4301; x_wconf 80' lang='lat' dir='ltr'>soris</span> <span class='ocrx_word' id='word_1_218' title='bbox 361 4249 421 4302; x_wconf 64' lang='lat' dir='ltr'>utra·</span> <span class='ocrx_word' id='word_1_219' title='bbox 493 4247 543 4300; x_wconf 82' lang='lat'>102</span> <span class='ocrx_word' id='word_1_220' title='bbox 562 4248 670 4314; x_wconf 85' lang='lat' dir='ltr'>concipit</span> <span class='ocrx_word' id='word_1_221' title='bbox 682 4249 807 4302; x_wconf 80' lang='lat' dir='ltr'>Zorotloo</span> <span class='ocrx_word' id='word_1_222' title='bbox 824 4247 918 4314; x_wconf 76' lang='lat' dir='ltr'>colligit</span> <span class='ocrx_word' id='word_1_223' title='bbox 929 4247 996 4300; x_wconf 72' lang='lat' dir='ltr'>libri.</span> 
     </span>
    </p>
   </div>
   <div class='ocr_carea' id='block_1_5' title="bbox 0 0 1613 5125">
    <p class='ocr_par' dir='ltr' id='par_1_6' title="bbox 0 0 1613 5125">
     <span class='ocr_line' id='line_1_35' title="bbox 0 0 1613 5125; baseline 0 0"><span class='ocrx_word' id='word_1_224' title='bbox 0 0 1613 5125; x_wconf 95' lang='lat' dir='ltr'> </span> 
     </span>
    </p>
   </div>
  </div>
 </body>
</html>
