3209 5125
699 456 729 516 Q.
748 454 882 506 HORA'I'I
899 456 1020 506 senem

388 616 462 677 alter
483 615 581 678 Mileti
603 624 716 678 textam
739 636 813 678 cane
835 616 918 697 peius
942 625 972 677 et
993 616 1083 696 angui

388 721 496 783 vitabit
518 722 712 803 chlamydem,
735 722 877 785 morietur
897 722 1011 803 frigore,
1036 722 1073 795 si⁸
1085 741 1146 783 non

388 828 533 890 rettuleris
556 827 695 909 pannum.
727 829 801 890 refer
823 836 853 890 et
875 828 940 891 sine
962 829 1046 890 vivat
1068 829 1194 909 ineptus.

387 954 434 997 res
456 954 554 1015 gerere
576 944 607 996 et
628 944 732 1016 captos
756 936 910 997 ostendere
932 934 1047 997 civibus
1068 935 1165 998 hostis

388 1041 508 1122 attingit
530 1041 637 1103 solium
659 1041 739 1103 Iovis
763 1050 793 1103 et
816 1040 956 1104 caelestia
975 1049 1117 1125 temptat:

388 1148 570 1228 principibus
592 1148 739 1229 placuisse
761 1148 833 1209 viris
855 1168 917 1211 non
939 1148 1045 1210 ultima
1066 1148 1131 1210 laus
1154 1157 1208 1210 est

390 1275 451 1317 non
475 1255 568 1317 cuivis
589 1254 704 1317 homini
726 1254 873 1335 contingit
891 1254 976 1321 edire
997 1254 1188 1317 Corinthum:

300 1419 303 1424 ,
391 1362 468 1424 sedit
491 1362 541 1443 qui
563 1361 671 1436 timuit,
695 1381 733 1422 ne
754 1381 816 1423 non
840 1362 1006 1425 succederet
1028 1361 1107 1424 isto?

436 1574 626 1637 Brundisium
650 1593 747 1637 comes
770 1583 823 1636 aut
846 1574 1020 1638 Surrentum
1040 1576 1148 1637 dumus
1169 1594 1326 1636 amoenum

391 1682 441 1763 qui
464 1681 594 1764 queritur
616 1681 747 1743 salebras
770 1690 800 1743 et
821 1684 959 1745 acerbum
981 1682 1071 1761 frigus
1094 1690 1124 1743 et
1145 1681 1263 1756 imbres,

391 1796 442 1849 aut
464 1788 569 1850 cistam
593 1788 742 1850 effractam
765 1797 795 1849 et
816 1790 963 1851 subducta
983 1788 1094 1850 viatica
1114 1789 1222 1869 plorat,

389 1902 462 1956 note
483 1896 571 1957 refert
593 1894 754 1956 meretricis
776 1895 914 1957 acumina
936 1914 1024 1975 saepe
1046 1895 1191 1971 catellam,

391 2021 478 2081 seepe
499 2002 701 2082 periscelidem
722 2010 839 2082 raptam
861 2002 920 2064 sibi
941 2002 1049 2076 flentis,
1072 2001 1116 2063 uti
1138 1983 1233 2064 mox'

390 2108 473 2170 nulla
494 2110 567 2170 fides
590 2108 706 2201 damnis
729 2110 865 2192 verisque
887 2101 1040 2171 doloribus
1063 2108 1151 2170 adsit

390 2234 445 2277 nec
468 2216 558 2277 semel
581 2215 689 2277 inrisus
711 2215 810 2277 triviis
833 2215 968 2278 attollere
990 2224 1074 2277 curat

391 2323 482 2384 fracto
507 2341 588 2384 crure
609 2322 740 2401 planum.
775 2321 846 2383 licet
866 2322 912 2382 illi
933 2322 1183 2401 plurima-manet

390 2405 521 2503 lacrima,
544 2449 597 2509 per
619 2436 753 2492 sanctum
775 2429 888 2490 iuratus
911 2429 991 2490 dicut
1013 2428 1125 2491 Osirim

384 2532 515 2611 ‘credite
540 2555 601 2598 non
623 2536 707 2600 ludo:
731 2535 871 2611 crudeles,
895 2535 992 2599 tollite
1015 2527 1182 2599 cleudnmi'

383 2636 504 2724 ‘quaere
525 2639 720 2724 peregrinum'
744 2643 855 2706 vicinia
876 2663 966 2706 rauca
986 2643 1136 2705 reclamat.

438 2854 545 2918 (iorem
567 2876 633 2937 rege
656 2858 767 2919 suade
789 2864 963 2937 pnupetete
983 2863 1116 2918 tacentes

393 2961 459 3043 plus
481 2971 621 3042 poscente
643 2964 744 3026 ferent.
782 2964 884 3039 distat,
908 2981 1046 3025 sumasne
1067 2962 1210 3041 pudenter

393 3088 432 3132 an
453 3069 562 3150 rapias.
597 3066 696 3152 [atqui
717 3089 813 3132 rerum
836 3079 925 3151 capnt
946 3070 1004 3131 hoc
1025 3076 1097 3141 eret,
1119 3067 1170 3129 hic
1191 3062 1284 3148 fons]

388 3169 536 3238 ‘indotata
557 3177 630 3238 mihi
653 3197 737 3239 soror
758 3184 812 3252 est,
836 3177 1014 3258 paupercula
1034 3183 1138 3250 meter,

394 3291 423 3344 et
445 3283 552 3346 fundus
573 3303 628 3346 nec
650 3282 808 3347 vendibilis
830 3303 885 3347 nec
907 3301 1027 3364 pascere
1048 3277 1162 3345 firmns'

395 3388 445 3470 qui
467 3389 548 3466 dicit,
572 3391 681 3453 clamat
696 3385 821 3452 ‘victum
843 3386 943 3464 dnte'3
967 3388 1093 3451 succinit
1113 3387 1188 3450 slter

386 3491 430 3556 ‘et
451 3493 547 3557 mihi':
570 3496 691 3560 dividuo
714 3498 840 3559 findetur
860 3516 980 3559 munere
1003 3496 1123 3578 quadra

395 3603 575 3666 sedtacitus
597 3602 680 3683 pasci
703 3603 729 3664 si
750 3611 853 3684 posset
874 3623 988 3677 corvus,
1010 3602 1134 3665 haberet

394 3710 461 3791 plus
483 3709 568 3790 dapis
592 3717 621 3770 et
642 3709 725 3772 rixse
747 3711 840 3772 multo
863 3710 961 3772 minus
983 3707 1180 3789 invidiaeque.

394 3900 481 3971 quid?
498 3900 545 3970 qui
562 3900 688 3971 pervenit
705 3899 806 3956 fecitne
824 3900 957 3955 viriliter?
974 3898 1051 3968 etqui

393 3988 438 4043 hio
456 3992 500 4043 eet
517 3992 565 4043 aut
582 4005 717 4060 nusquam
735 3987 809 4058 quod
827 3987 996 4057 quaerimus:
1014 3984 1058 4039 hic
1076 4000 1145 4040 onus
1163 3982 1254 4039 horret

394 4080 426 4131 ut
441 4077 534 4146 parvis
553 4077 650 4131 animis
669 4082 697 4131 et
714 4091 800 4147 parvo
820 4090 933 4145 corpore
951 4074 1054 4144 maius3

394 4163 439 4219 hic
456 4163 531 4219 subit
549 4169 577 4219 et
593 4162 704 4235 perfert.
732 4169 779 4219 sut
796 4165 885 4218 virtus
903 4177 1002 4219 nomen
1019 4161 1101 4215 inane
1119 4164 1170 4229 est,

394 4257 442 4306 sut
459 4251 544 4306 decus
562 4255 590 4306 et
608 4251 727 4320 pretium
744 4255 819 4306 recte
838 4251 908 4321 petit
924 4249 1070 4321 experiens
1087 4247 1137 4303 vir.
