3209 5125
574 470 821 521 uelsuvuasvm
836 471 900 523 LIB.
913 473 946 525 lL
959 474 981 525 1.

330 633 476 697 Pacuvius
500 632 580 695 docti
602 633 711 695 samem
734 632 823 708 senis,
846 635 958 697 Accius
980 635 1050 709 elti;

329 740 436 803 dicitur
458 738 565 801 Afrani
587 748 657 819 toga
679 740 852 802 convenisse
874 742 1049 816 Menandro,

329 847 452 908 Plautus
475 846 514 907 nd
537 844 687 924 exemplar
710 845 805 908 Siculi
826 866 983 927 properare
1004 848 1184 928 Epicharmi,

330 952 446 1015 vincere
469 951 616 1014 Caecilius
638 951 791 1031 gravitate,
815 952 970 1015 Terentius
991 963 1063 1017 arte.

329 1059 384 1120 hos
408 1057 513 1121 ediscit
535 1066 564 1119 et
585 1058 641 1118 hos
664 1066 728 1119 arto
752 1058 863 1139 stipata
883 1060 999 1122 theatm

331 1173 445 1245 spectat
467 1165 565 1226 Roma
587 1172 709 1243 potens3
733 1164 824 1226 habet
845 1165 901 1226 bos
923 1174 1114 1249 numeratque
1137 1175 1242 1247 poetas

330 1273 369 1333 ad
391 1279 524 1333 nostrum
546 1278 662 1349 tempus
684 1270 755 1331 Livi
776 1270 928 1351 scriptoris
949 1274 989 1335 ab
1012 1292 1095 1335 aevo.

373 1483 524 1545 Interdum
547 1482 651 1563 volgus
673 1491 784 1545 rectum
808 1484 898 1560 videt,
921 1494 967 1546 est
988 1485 1040 1548 nbi
1062 1495 1173 1565 peccat.

331 1592 357 1653 si
379 1599 492 1652 veteres
513 1589 557 1651 ita
578 1588 700 1650 miratur
721 1590 881 1673 laudatque
902 1600 1018 1671 poetas,

330 1706 363 1761 ut
385 1696 460 1758 nihil
482 1697 634 1771 anteferat,
656 1696 732 1757 nihil
754 1696 816 1758 illis
838 1706 997 1778 comperet,
1021 1706 1113 1773 errat3

331 1805 357 1865 si
381 1804 524 1886 quaedam
548 1803 637 1865 nimis
660 1803 790 1885 antique,
814 1804 841 1865 si
862 1804 1003 1885 pleraque
1024 1805 1097 1867 dure

331 1910 427 1972 dicere
451 1910 529 1972 cedit
551 1928 611 1984 eos,
634 1909 741 1990 ignave
763 1909 859 1972 multa
880 1911 995 1984 latetur,

331 2026 361 2078 et
383 2016 462 2096 sapit
484 2024 513 2076 et
535 2034 648 2077 mecum
671 2016 742 2077 lacit
764 2025 794 2077 et
815 2016 887 2077 Iove
909 2016 1021 2079 iudicat
1041 2035 1146 2097 aequo.

331 2142 391 2184 non
416 2121 551 2203 equidem
573 2121 701 2183 insector
724 2122 885 2184 delendave
908 2122 1040 2185 carmina
1060 2121 1130 2183 Livi

332 2250 396 2292 esse
416 2246 492 2302 reor,
515 2227 637 2289 memini
659 2248 734 2311 quae
755 2227 912 2308 plagosum
933 2228 1006 2290 mihi
1027 2248 1119 2308 parvo

333 2335 480 2399 Orbilium
503 2334 628 2396 dictare:
653 2336 704 2397 sed
728 2336 884 2397 emendata
904 2335 999 2397 videri

332 2442 510 2524 pulchraque
533 2450 564 2502 ct
585 2441 698 2503 exactis
720 2440 875 2503 minimum
897 2440 1041 2503 distantia
1062 2441 1160 2504 miror.

332 2551 409 2612 inter
432 2569 507 2632 quae
529 2550 650 2612 verbnm
673 2546 793 2611 emicuit
815 2548 841 2610 si
863 2549 937 2611 forte
958 2549 1106 2624 decorum,

333 2657 359 2720 si
381 2677 483 2719 versus
504 2657 605 2738 paullo
629 2655 801 2718 concinnior
822 2676 899 2718 unns
921 2665 951 2718 et
971 2656 1055 2729 alter,

332 2765 441 2827 iniuste
462 2773 558 2828 totum
580 2763 663 2826 ducit
683 2763 843 2845 venditque
864 2771 982 2843 poema

332 2873 470 2953 indignor
492 2871 653 2954 quidquam
674 2870 856 2949 reprehendi,
880 2889 941 2932 non
964 2869 1034 2952 quia
1054 2889 1153 2932 crasse

333 2979 528 3060 compositum
550 2976 716 3057 inlepideve
736 2985 864 3057 putetur,
888 2978 940 3038 sed
963 2976 1033 3059 quia
1053 2993 1164 3055 nuper;

334 3106 388 3149 nec
410 3085 528 3148 veniam
550 3083 691 3165 antiquis,
715 3085 768 3145 sed
790 3084 933 3145 honorem
953 3092 984 3144 et
1004 3081 1137 3163 proemia
1157 3081 1249 3162 posci.

334 3202 412 3254 recte
435 3211 527 3254 necne
550 3209 667 3253 crocum
689 3190 834 3271 floresque
855 3190 1038 3271 perambulet
1059 3189 1154 3251 Attae

334 3299 435 3362 sabula
457 3297 483 3360 si
506 3296 646 3371 dubitem,
671 3293 799 3358 clament
819 3297 942 3377 periisse
963 3298 1105 3377 pudorem

335 3405 432 3468 cuncti
454 3423 548 3485 paene
569 3411 678 3484 patres,
702 3423 737 3466 ea
760 3423 827 3466 cum
847 3404 1058 3484 reprehendero
1079 3420 1169 3464 coner

335 3532 410 3595 quac
432 3511 529 3592 gravis
552 3509 700 3589 Aesopus
724 3529 799 3593 qnae
822 3511 927 3572 doctus
948 3509 1077 3572 Roscius
1099 3508 1173 3589 egit3

335 3619 383 3680 vel
407 3618 477 3700 quia
499 3617 542 3679 nil
564 3625 675 3678 rectum
698 3615 756 3677 nisi
780 3617 859 3698 qnod
881 3615 993 3696 placuit
1015 3614 1073 3677 sibi
1095 3615 1214 3688 ducunt,

335 3725 383 3787 vel
405 3725 475 3806 qnia
496 3733 580 3804 tmpe
601 3730 709 3803 putant
729 3741 831 3803 parere
853 3721 1016 3784 minoribus
1038 3730 1068 3782 et
1090 3739 1165 3803 quae

335 3831 460 3894 imberbi
481 3830 609 3893 didicere
631 3849 716 3892 senes
739 3829 887 3909 perdenda
908 3829 1002 3890 lateri.

337 3940 397 4000 iam
420 3937 535 4001 Saliare
556 3937 672 3999 Numae
694 3956 810 3998 carmen
833 3936 884 4018 qui
906 3935 1008 3997 landet
1029 3944 1060 3996 et
1080 3933 1163 4008 illnd,

337 4045 416 4126 quod
437 4063 551 4107 mecum
573 4043 698 4124 ignorat,
723 4042 805 4105 solus
826 4042 891 4103 volt
912 4041 987 4103 scire
1009 4040 1111 4115 videri,

296 4270 381 4321 Vnum
393 4285 489 4322 nncrro.
509 4270 542 4320 65
556 4269 623 4321 cedit
634 4270 688 4324 cod
701 4276 788 4340 reptat
799 4274 937 4331 recreata,
950 4267 1081 4321 Bentlctue
1092 4268 1173 4320 credit
1183 4273 1261 4324 ceteri
1271 4265 1339 4319 libri.
