3209 5125
538 434 783 488 EPISTVLARVM
800 436 864 487 LIB.
877 437 898 489 Ι.
911 424 958 488 17(
1264 445 1305 509 31

322 591 417 663 Quem
440 597 584 659 damnosa
604 597 716 671 Venus,
742 617 829 679 quem
851 617 990 678 praeceps
1012 600 1079 661 alea
1100 603 1202 676 nudat,
1317 625 1353 670 re.
1364 625 1391 663 21

278 700 371 781 gloria
393 722 479 783 quem
503 722 591 782 supra
613 701 690 765 vires
714 711 743 765 et
765 704 856 766 vestit
878 713 908 767 et
930 706 1042 785 unguit,

277 806 424 869 sectandis
447 808 529 871 vitiis
551 810 722 873 instructior
744 811 808 873 odit
829 811 951 886 amicus,
1362 837 1391 878 os

277 923 337 989 aut,
361 914 387 975 si
410 934 470 977 non
493 916 565 991 odit,
588 916 663 997 regit
684 936 720 979 ac
742 918 835 979 veluti
857 918 910 998 pia
930 927 1025 981 mater

277 1021 343 1101 plns
367 1042 455 1102 quam
477 1042 509 1085 se
532 1042 633 1103 sapere
656 1032 685 1085 et
707 1024 866 1087 virtutihus
889 1044 953 1087 esse
976 1026 1103 1106 priorem

277 1128 341 1190 volt
363 1137 393 1189 et
414 1128 458 1190 ait
478 1148 570 1209 prope
592 1150 674 1193 vera:
693 1125 789 1193 ‘meae
812 1127 1004 1213 (contendere
1026 1129 1105 1215 noli)

277 1235 434 1297 stultitiam
455 1236 607 1315 potiuntur
629 1257 710 1318 opes,
733 1237 791 1301 tihi
813 1239 938 1317 parvula
958 1258 1006 1301 res
1028 1248 1082 1301 est.

277 1351 342 1405 arta
364 1344 447 1405 decet
469 1363 574 1405 senum
595 1344 733 1407 comitem
755 1352 840 1425 toga:
863 1345 965 1410 desine
987 1365 1101 1408 mecum

277 1445 403 1512 certare?
436 1450 612 1530 Eutrapelus
634 1450 808 1532 cuicumque
829 1472 935 1514 nocere
957 1452 1086 1527 volebat,

276 1556 453 1619 vestimenta
475 1558 566 1621 dabat
587 1557 731 1637 pretiosa:
755 1552 873 1621 ‘beatus
896 1558 975 1621 enim
997 1559 1057 1621 iam

276 1683 343 1725 oum
364 1662 494 1744 pulchris
516 1664 625 1728 tunicis
648 1673 744 1727 sumet
765 1684 846 1728 nova
867 1666 994 1729 consilia
1016 1675 1046 1727 et
1068 1686 1146 1747 spes,

276 1770 402 1832 dormiet
423 1771 454 1831 in
478 1771 581 1845 lucem,
606 1779 702 1833 scorto
725 1780 886 1851 postponet
907 1772 1066 1835 honestum

277 1877 412 1951 officium,
436 1897 571 1943 nummos
594 1877 708 1941 alienos
730 1886 842 1958 pascet,
866 1879 905 1939 ed
926 1878 1019 1941 imum

277 1984 394 2045 Thraex
417 1984 472 2047 erit
493 1993 545 2047 aut
567 1984 681 2047 olitoris
704 1992 771 2063 aget
792 1986 925 2049 mercede
947 1982 1113 2049 caballum?

319 2197 384 2259 Neo
405 2205 457 2259 tua
479 2196 614 2261 laudabis
637 2195 736 2260 studia
758 2204 810 2259 aut
830 2196 930 2261 aliena
950 2198 1116 2276 reprendes,

276 2323 338 2378 nec,
362 2324 429 2365 cum
452 2302 554 2371 venari
575 2302 656 2365 volet
678 2301 738 2377 ille,
762 2311 902 2382 poemata
923 2322 1044 2384 panges

276 2410 370 2489 gratia
392 2410 435 2471 sio
457 2410 578 2475 fratrum
601 2408 791 2489 geminorum,
815 2410 997 2490 Amphionis
1019 2419 1109 2492 etque

276 2516 371 2592 Zethi,
395 2517 533 2592 dissiluit,
557 2518 651 2580 donee
673 2524 811 2597 suspecta
833 2536 933 2580 severo

276 2624 418 2686 conticuit
440 2625 512 2706 lyra.
546 2624 682 2688 fraternis
705 2623 830 2692 cessisse
852 2627 994 2704 probetur

274 2730 405 2793 moribus
427 2729 595 2810 Amphion:
619 2739 654 2794 tu
675 2732 746 2794 cede
769 2731 899 2810 potentis
920 2730 1011 2794 amici

274 2837 390 2900 lenibus
413 2837 559 2917 imperiis3
584 2837 778 2919 quotiensque
801 2838 905 2901 educet
926 2837 958 2900 in
980 2857 1067 2918 agros

274 2944 391 3006 Aeoliis
414 2953 536 3008 onmata
560 2943 655 3024 plagis
677 2943 809 3008 iumenta
831 2963 985 3025 canesque,

275 3071 359 3132 surge
381 3060 412 3113 et
432 3051 611 3116 inhumanae
633 3051 747 3116 senium
769 3051 884 3131 depone
907 3069 1056 3125 camenae,

276 3177 361 3219 cenes
384 3166 417 3219 ut
438 3159 548 3238 pariter
569 3157 721 3238 pulmento
742 3157 894 3223 laboribus
917 3164 1025 3237 empta

275 3264 420 3326 Romanis
443 3264 586 3328 sollemne
607 3263 679 3328 uiris
702 3283 784 3344 opus,
808 3263 881 3328 utile
902 3265 998 3330 famae

275 3370 411 3453 vitaeque
434 3379 464 3432 et
485 3354 633 3444 membris,
656 3369 828 3450 praesertim
850 3390 917 3432 cum
939 3370 1039 3432 valeas
1062 3378 1092 3430 et

274 3478 322 3540 vel
345 3497 431 3542 cursu
454 3496 590 3558 superare
613 3495 715 3541 cenem
737 3476 786 3541 vel
809 3476 921 3542 viribus
943 3497 1046 3557 aprum

275 3585 381 3664 possis.
415 3585 490 3647 adde
513 3583 612 3649 virilia
634 3583 714 3665 quod
735 3582 898 3663 speciosius
920 3603 1003 3647 anne

274 3753 355 3808 quem
374 3743 451 3794 tenet
467 3739 574 3808 argenti
592 3737 652 3793 sitis
669 3737 826 3807 importune
842 3734 993 3808 famesque,
1314 3752 1350 3794 rs,
1360 3752 1388 3791 ee

274 3842 355 3896 quem
373 3828 542 3897 paupertatis
560 3826 649 3897 pudor
667 3830 695 3880 et
711 3824 787 3894 fuga,
805 3823 884 3880 dives
903 3825 1007 3880 amiens

258 3969 341 4019 Vnum
354 3986 451 4020 uncum.
488 3967 522 4020 60
541 3970 666 4026 sectandis
678 3969 705 4024 R
722 3984 799 4033 saepe
819 3967 868 4032 (cel
885 3968 956 4033 sepe)
976 3968 1064 4018 decem
1081 3967 1141 4020 trbrr
1211 3967 1304 4017 amicus

185 4057 211 4108 Ε
224 4065 250 4108 et
261 4057 347 4108 horret
358 4057 418 4110 tetre
476 4056 510 4108 76
522 4057 643 4122 probatur
654 4055 793 4110 Hor-leelina
805 4063 907 4121 putatur
919 4055 980 4107 tetra·
1034 4054 1067 4106 79
1079 4053 1175 4106 Aeoliis
1187 4055 1304 4119 Franeq„

189 4144 283 4198 Vtilius
301 4144 408 4196 Aetoliis
425 4147 464 4198 cel
479 4153 537 4198 rim.
553 4146 600 4198 altr·
622 4143 741 4196 Aestoliis
760 4142 781 4196 S
799 4142 925 4194 Aetholiis
942 4143 970 4196 B
986 4143 1103 4194 Aetholis
1121 4163 1143 4196 ω
1160 4142 1258 4194 Iltholis
1276 4140 1308 4194 H
