3209 5125
587 414 832 467 EPISTVLARVM
850 416 947 467 LIB.I.
962 416 1003 467 12.

326 584 445 639 strenua
467 596 522 638 uos
545 584 661 639 exercet
682 578 805 654 inertia3
829 579 957 641 navibus
978 588 1068 661 atque

327 681 477 766 quadrigis
498 683 626 764 petimus
648 686 724 747 bene
747 686 860 747 vivere:
885 688 965 768 quud
986 686 1074 767 petis,
1097 688 1146 750 hic
1168 697 1222 763 est,

327 797 373 851 est
394 790 526 865 Ulubris
550 789 665 853 animus
688 791 714 853 si
737 800 767 853 te
790 812 851 853 nou
874 792 973 855 deficit
993 813 1114 875 aequus.

757 1091 838 1187 Xll

370 1319 526 1383 Fructibus
548 1320 680 1383 Acrillae
704 1320 825 1397 Siculis,
849 1342 923 1403 quos
946 1321 1071 1403 colligis,
1094 1323 1144 1399 Iti,

326 1428 452 1491 sirecte
474 1428 587 1503 frueris
611 1448 672 1491 nou
694 1437 740 1491 est
762 1436 796 1489 ut
819 1429 906 1509 copia
928 1429 1024 1493 maior

327 1538 365 1598 ab
387 1535 459 1597 Iove
481 1534 586 1597 donari
608 1536 704 1614 possit
726 1536 790 1598 tibi.
826 1536 899 1598 tolle
922 1536 1083 1619 querellas:

325 1662 436 1723 pauper
458 1642 536 1703 enim
559 1662 620 1703 uon
644 1651 689 1704 est
711 1643 758 1705 cui
780 1663 877 1705 rerum
900 1644 1030 1725 suppetit
1051 1664 1131 1707 usus.

327 1747 353 1811 si
376 1748 472 1810 ventri
494 1751 579 1823 bene,
603 1749 629 1811 si
651 1750 737 1811 lateri
760 1758 806 1811 est
827 1750 1010 1833 pedibusque
1032 1751 1101 1827 tuis,
1124 1750 1168 1813 nil

325 1854 446 1918 divitiae
469 1864 606 1936 poterunt
628 1856 740 1937 regales
762 1857 870 1919 addere
892 1857 995 1920 maius.

326 1963 352 2025 si
375 1964 449 2024 forte
472 1962 504 2023 in
527 1962 624 2024 medio
647 1963 811 2043 positurum
833 1963 995 2025 abstemius
1017 1963 1117 2026 herbis

325 2069 403 2133 vivis
426 2078 455 2130 et
477 2069 581 2143 urtica,
605 2070 648 2131 sio
670 2069 753 2131 vives
776 2069 910 2149 protinus
933 2078 967 2131 ut
988 2078 1018 2131 te

326 2176 480 2240 confestim
503 2174 633 2257 liquidus
655 2177 805 2238 Fortunae
826 2176 907 2239 rivus
929 2176 1053 2250 inauret,

327 2284 375 2347 vel
398 2283 468 2365 quia
489 2291 624 2345 naturam
647 2292 759 2345 mutare
781 2284 907 2364 pecunia
932 2284 1035 2358 nescit,

326 2392 373 2454 vel
397 2390 466 2472 quia
488 2398 594 2452 cuncta
615 2398 702 2469 putas
724 2410 784 2453 una
807 2391 915 2453 munte
936 2390 1061 2453 minora

327 2518 378 2562 cur
399 2499 473 2561 alter
494 2498 751 2564 fratrumeessare
775 2507 804 2559 et
826 2498 925 2561 ludere
948 2505 978 2559 et
998 2496 1088 2579 ungui

325 2606 470 2688 praeferat
491 2605 619 2668 Herodis
642 2605 779 2686 palmetis
801 2605 969 2687 pinguibus,
992 2605 1076 2680 ulter,

327 2714 409 2776 dives
433 2721 462 2774 et
484 2713 677 2793 importunus,
702 2715 741 2774 ad
763 2715 897 2775 umbram
920 2712 994 2774 lucis
1017 2715 1055 2775 ab
1079 2721 1145 2775 ortu

327 2821 490 2883 silvestrem
513 2820 639 2882 flammis
657 2807 692 2881 et
714 2820 788 2881 ferro
812 2818 928 2899 mitiget
949 2839 1061 2900 agrum,

327 2928 383 2990 scit
405 2926 528 3001 Genius,
552 2927 652 2988 natale
675 2947 773 2988 comes
797 2927 848 3008 qui
870 2934 1015 3006 temperat
1036 2935 1159 3002 astrum,

327 3043 448 3097 naturae
470 3036 541 3096 deus
564 3034 719 3109 humanae,
743 3034 843 3096 fatalis
867 3033 898 3094 in
921 3053 1013 3094 unum

327 3143 463 3225 quodque
486 3129 583 3220 caput,
607 3141 692 3202 voltu
714 3141 876 3216 mutabilis,
899 3140 985 3203 albus
1008 3148 1038 3200 et
1060 3148 1132 3203 ater.
1417 3162 1460 3200 rso

325 3249 473 3322 miramur,
497 3247 524 3308 si
544 3247 707 3310 Democriti
729 3267 819 3328 pecus
841 3248 902 3310 edit
923 3246 1035 3327 agellos
1365 3262 1460 3312 nam

327 3356 471 3436 cultaque,
495 3355 565 3416 dum
587 3373 704 3434 peregre
728 3363 772 3417 est
794 3355 911 3418 animus
932 3354 997 3415 sine
1019 3373 1142 3434 corpore
1163 3354 1266 3417 velox:

327 3483 393 3525 cum
415 3471 448 3523 tu
470 3461 547 3522 iuter
569 3460 698 3523 scabiem
720 3469 835 3522 tantam
858 3470 889 3522 et
911 3462 1048 3541 contagia
1069 3459 1143 3523 lucri

326 3569 369 3631 nil
392 3588 515 3650 parvum
537 3566 636 3647 sapias
659 3575 689 3629 et
711 3568 807 3630 adhuc
829 3567 969 3630 sublimia
990 3586 1083 3641 cures,

327 3696 401 3760 quae
423 3695 503 3738 mare
525 3684 714 3755 compescant
735 3695 850 3750 causae,
879 3673 950 3756 quid
972 3682 1114 3755 temperet
1135 3693 1255 3748 annum,

326 3784 430 3846 stellae
452 3792 557 3862 sponte
580 3802 634 3844 sua
656 3782 791 3844 iussaene
813 3790 955 3862 vagentur
977 3789 1007 3842 et
1029 3789 1134 3855 errent,

327 3891 398 3974 quid
420 3898 534 3971 premat
557 3891 712 3952 obscurum
734 3890 831 3964 lunae,
856 3889 928 3971 quid
949 3889 1077 3969 proferat
1099 3890 1210 3964 orbem,

307 4135 501 4186 Vnumnncnro.
540 4134 683 4185 1Acrillae
695 4131 834 4188 Hcrlcelius
852 4133 983 4200 Agrippae
1001 4132 1062 4186 lutri
1131 4133 1284 4186 leimarus
1305 4131 1355 4184 Ur·

237 4230 308 4278 staua
327 4223 370 4275 icti
388 4243 403 4288 ς
421 4223 468 4274 icci
485 4221 580 4295 BHSg
653 4222 685 4274 17
704 4222 788 4276 fatalis
806 4221 834 4275 R
850 4221 962 4274 mortaba
980 4221 1047 4275 utra
