3209 5125
564 460 810 513 nrrsrvnARVM
827 461 925 513 LlB.I.
941 463 981 514 18.

304 640 374 682 nam
396 630 448 682 tua
468 640 516 685 res
540 621 643 701 agitur,
667 622 763 703 paries
787 642 854 685 cum
875 623 1028 703 proximus
1051 627 1144 701 ardet,

305 737 334 789 et
356 728 489 809 neglecta
511 729 609 791 solent
631 729 768 791 incendia
791 750 903 792 sumere
926 730 1012 793 vlres.

345 941 449 1003 Dulcis
472 942 632 1021 inexpertis
656 942 769 1004 cultura
791 943 921 1022 potentis
944 944 1042 1019 amici,

302 1056 438 1128 expertus
461 1048 573 1109 metuit.
607 1056 648 1122 tu,
673 1050 742 1109 dum
764 1057 817 1111 tua
839 1050 924 1111 navis
945 1050 978 1111 in
1000 1051 1061 1112 alto
1078 1060 1133 1125 est,

302 1155 358 1216 hoc
381 1174 434 1235 age
457 1174 494 1215 ne
516 1163 630 1217 mutata
651 1164 809 1217 retrorsum
830 1164 860 1217 te
882 1158 956 1219 ferat
978 1177 1058 1219 aura.

633 1510 642 1527 ·
703 1456 850 1553 XVlll

347 1686 382 1749 Si
404 1688 479 1749 bene
501 1695 530 1747 te
553 1686 633 1761 novi,
657 1695 778 1761 metues,
802 1686 950 1749 liberrime
972 1688 1063 1763 Lolli,

301 1792 459 1855 scurrantis
482 1793 608 1873 speciem
630 1796 768 1873 praebere
790 1795 938 1873 professus
961 1796 1103 1857 amicum:

299 1907 331 1960 ut
353 1909 489 1962 matrona
511 1900 656 1962 meretrici
679 1901 779 1980 dispar
802 1901 858 1962 erit
879 1910 969 1983 atque

300 2006 436 2082 discolor,
460 2007 549 2069 infido
574 2027 690 2068 scurrae
712 2007 838 2069 distabit
859 2008 980 2070 amicus.

301 2122 345 2173 est
367 2114 434 2175 huic
457 2114 604 2175 diversum
627 2113 700 2174 vitio
724 2113 830 2175 vitium
852 2134 943 2195 prope
965 2115 1061 2177 mains

299 2220 442 2299 asperitas
465 2220 588 2300 agrestis
611 2229 641 2281 et
662 2219 841 2282 inconcinna
862 2221 1026 2303 gravisque,

301 2346 428 2407 quaese
451 2328 637 2389 commendat
658 2336 747 2389 tonsa
769 2336 843 2401 cute,
868 2328 1006 2390 dentibus
1032 2328 1115 2403 atris,

300 2433 369 2494 dum
391 2433 455 2495 volt
477 2434 598 2496 libertas
621 2434 680 2496 dici
703 2454 783 2496 mera
806 2454 933 2515 veraque
956 2435 1065 2496 virtus:

301 2539 393 2602 virtus
416 2549 462 2603 est
482 2539 611 2603 medium
634 2540 772 2604 vitiomm
796 2549 827 2603 et
848 2541 994 2624 utrimque
1016 2544 1177 2605 reductum.

300 2647 375 2708 alter
396 2647 428 2709 in
451 2649 624 2729 obsequium
647 2649 713 2729 plus
736 2667 830 2730 aequo
853 2668 964 2728 pronus
987 2658 1017 2710 et
1038 2649 1092 2711 imi

299 2755 411 2816 derisor
432 2755 501 2818 lecti
525 2756 567 2818 sic
591 2765 693 2818 nutum
717 2755 819 2817 divitis
842 2756 950 2829 horret,

299 2861 342 2923 sic
364 2861 452 2923 iterat
474 2881 561 2924 voces
585 2871 614 2924 et
636 2865 727 2924 verba
750 2863 887 2924 cadentia
908 2862 997 2937 tollit,

298 2977 331 3029 ut
353 2989 584 3049 puemmsaevo
610 2972 711 3032 credas
733 2969 847 3031 dictata
868 2969 1008 3049 magistro

298 3077 418 3138 reddere
440 3076 487 3138 vel
509 3077 601 3156 partis
624 3075 745 3139 mimum
768 3085 895 3138 tractare
918 3076 1079 3150 secundas3

300 3183 374 3244 alter
395 3183 509 3245 rixator
531 3185 567 3245 de
589 3182 659 3245 lana
683 3203 770 3264 saepe
793 3183 914 3264 caprina

299 3298 464 3370 propugnat
486 3289 572 3370 nugis
596 3289 760 3351 animatus:
784 3284 912 3351 ‘scilicet
934 3296 967 3350 ut
989 3308 1049 3350 non

300 3396 339 3456 sit
360 3396 434 3457 mihi
456 3396 552 3476 prima
573 3397 655 3470 fides,
679 3405 709 3457 et
730 3416 798 3459 vere
822 3397 901 3478 quod
924 3395 1021 3476 placet
1043 3403 1160 3458 utnon

299 3502 405 3564 acriter
427 3503 568 3564 elatrem‘?
589 3503 715 3583 pretium
738 3511 820 3565 aetas
844 3502 938 3564 altera
960 3498 1080 3563 sordet.³

299 3609 456 3690 ambigitur
479 3610 550 3693 quid
573 3610 672 3671 enim?
696 3610 803 3671 Castor
825 3609 901 3670 sciat
922 3628 961 3670 an
983 3607 1128 3669 Dolichos
1151 3609 1237 3687 plus;

298 3715 489 3779 andisium
511 3717 625 3780 Minuci
648 3716 753 3778 melius
777 3715 827 3777 via
849 3717 938 3778 ducat
959 3735 998 3776 an
1021 3715 1114 3796 Appi.
1340 3733 1369 3772 ro

580 3825 599 3864 tl*
762 3861 780 3901 *
941 3821 959 3862 ἡ

280 4084 364 4135 Vnam
379 4101 475 4136 nncrro.
515 4085 546 4136 15
564 4087 657 4138 rixatur
674 4085 793 4139 Muretus
810 4085 905 4135 rixatur
921 4084 989 4148 libri,
1008 4090 1059 4136 nisi
1075 4084 1145 4154 quod
1158 4083 1254 4134 rixatus
1271 4081 1332 4134 Ver

209 4170 331 4225 Blandis.
344 4179 482 4242 quartusg
550 4173 582 4223 16
601 4174 725 4225 animatus
738 4173 763 4225 R
775 4182 885 4224 armatus
903 4173 963 4226 sorr
1030 4171 1062 4222 19
1081 4171 1193 4222 dolichos
1211 4191 1227 4235 ς
1243 4168 1330 4222 delicia

212 4258 338 4312 ¹11dccilis
356 4258 455 4313 BHSur
472 4260 557 4316 soboli.
571 4261 640 4314 doc'rl
650 4282 678 4332 p.

1065 4347 1083 4401 3
