3209 5125
578 398 824 451 EPISTVLARVM
841 398 905 450 nm.
917 398 938 449 Ι.
951 398 975 450 8.

308 578 369 621 non
392 569 488 623 cessat
510 560 637 623 laudare.
672 559 753 622 videt
774 559 908 641 ridetque
929 560 1095 642 Philippus,

310 674 339 727 et
361 666 419 729 sibi
442 668 511 729 dum
533 666 672 749 requiem,
696 668 766 728 dum
788 666 865 727 risus
886 666 1016 749 undique
1039 669 1162 750 quaerit,

309 773 378 834 dum
401 782 513 854 septem
535 775 628 835 donat
649 773 792 847 sestertia,
816 782 918 835 mutua
940 782 1052 854 septem

309 878 463 959 promittit,
487 880 643 959 persuadet
664 880 709 941 uti
731 889 873 943 mercetur
895 881 1030 961 agellum.

309 994 460 1047 mercatur.
495 1004 532 1046 ne
554 993 583 1047 te
606 985 703 1067 longis
726 986 900 1067 ambagibus
922 988 1000 1051 ultra

310 1112 398 1173 quarn
421 1091 494 1153 satis
518 1100 563 1153 est
584 1112 688 1166 morer,
713 1113 751 1155 ex
773 1093 868 1155 nitido
891 1095 925 1154 fit
946 1093 1072 1155 rusticus
1095 1103 1185 1175 atque

310 1198 407 1260 sulcos
430 1206 461 1259 et
482 1197 583 1259 vineta
605 1208 706 1279 crepat
727 1220 817 1273 mera,
841 1209 997 1279 praeparat
1019 1200 1125 1274 ulmos

309 1304 464 1367 inmoritur
486 1304 591 1368 studiis
614 1314 644 1367 et
665 1326 765 1368 aurore
790 1307 917 1369 senescit
938 1307 1076 1369 habendi.

309 1431 409 1474 verum
431 1411 483 1474 ubi
506 1432 576 1474 oves
599 1412 685 1487 furta
708 1416 812 1475 morbo
835 1414 946 1493 periere
969 1414 1109 1494 capellae,

309 1539 391 1600 spem
413 1520 538 1582 mentita
560 1540 651 1600 seges,
675 1522 731 1582 bos
755 1529 799 1583 est
823 1530 941 1582 enectus
964 1522 1092 1583 arando:

310 1627 436 1689 offensus
459 1627 575 1689 demnis
598 1624 703 1689 media
717 1629 753 1689 de
776 1637 863 1690 noete
887 1628 1035 1691 caballum

309 1734 413 1815 arripit
433 1734 584 1817 iratusque
605 1734 738 1815 Philippi
759 1735 856 1797 tendit
877 1737 917 1797 ed
939 1737 1035 1797 aedes.

310 1862 395 1923 quem
418 1840 506 1903 simul
529 1842 646 1922 aspexit
669 1844 805 1904 scabrum
827 1842 1036 1923 intonsumque
1058 1840 1224 1923 Philippus,

304 1946 420 2011 ‘durus'
443 1948 494 2023 ait,
511 1946 636 2023 ‘Voltei
660 1948 749 2011 nimis
772 1957 962 2030 attentusque
985 1948 1093 2010 videris

309 2075 373 2117 esse
395 2052 490 2117 mihi.³
517 2053 582 2136 ‘pol
604 2075 652 2118 me
674 2056 822 2129 miserum,
846 2063 979 2134 patrone,
1004 2074 1134 2130 vocares,

309 2161 335 2222 si
358 2158 464 2224 velles²
487 2161 584 2245 inquit
598 2159 714 2224 ‘verum
736 2162 811 2224 mihi
833 2180 942 2241 ponere
964 2180 1081 2222 nornen.

309 2269 388 2350 quod
410 2277 440 2330 te
461 2288 513 2348 per
536 2268 664 2331 Genium
686 2270 878 2350 dextramque
901 2268 1031 2349 deosque
1053 2267 1169 2348 penatis

309 2377 430 2437 obsecro
454 2383 484 2436 et
507 2378 646 2450 obtestor,
671 2375 750 2437 vitae
772 2396 820 2437 me
841 2376 930 2437 redde
953 2370 1058 2455 priori?

354 2587 413 2659 oui
436 2588 525 2650 semel
548 2588 670 2668 aspexit·
687 2598 830 2670 quantum
852 2589 976 2651 dimisa
997 2587 1098 2668 petitis

308 2704 465 2776 praestent,
489 2704 602 2758 mature
624 2697 724 2758 redeat
745 2705 916 2778 repetatque
938 2695 1049 2757 relicta.

309 2802 405 2864 metiri
429 2821 460 2864 se
483 2823 627 2886 quemque
650 2824 702 2866 suo
726 2802 845 2866 modulo
868 2823 904 2865 ac
926 2805 1000 2884 pede
1022 2821 1123 2864 verum
1146 2809 1200 2862 est.

729 3105 829 3202 Vlll

356 3333 442 3396 Celso
465 3333 589 3414 gaudere
612 3342 642 3394 et
663 3335 822 3396 tenerem
844 3353 941 3414 gerere
962 3331 1155 3395 Albinovano

309 3441 398 3502 Musa
418 3449 522 3522 rogata
543 3440 626 3515 refer,
650 3439 751 3501 comiti
774 3440 944 3523 scribaeque
965 3436 1102 3500 Neronis.

309 3547 335 3608 si
358 3556 477 3629 quaeret
500 3547 571 3630 quid
593 3567 688 3628 agam,
712 3545 759 3608 dic
782 3546 876 3607 multa
897 3555 927 3608 et
949 3546 1071 3627 pulchra
1093 3543 1254 3606 minantem

308 3654 407 3716 vivere
428 3673 482 3716 nec
505 3663 583 3716 recte
606 3674 660 3716 nec
683 3653 820 3727 suaviter,
844 3652 923 3713 haud
946 3652 1015 3734 quia
1037 3651 1176 3744 grando⁸

309 3761 474 3824 contuderit
495 3761 571 3823 vites
595 3761 728 3823 oleamve
750 3757 941 3821 momorderit
961 3767 1069 3833 aestus,

308 3886 362 3929 nec
386 3868 455 3949 quia
478 3867 646 3949 longinquis
669 3876 833 3929 armentum
856 3874 985 3946 aegrotet
1006 3865 1037 3926 in
1061 3863 1147 3945 agris,

307 3975 359 4035 sed
383 3973 452 4055 quia
473 3983 572 4036 mente
593 3974 691 4035 minus
713 3973 831 4035 validus
858 3993 946 4054 quam
969 3991 1090 4052 corpore
1110 3979 1174 4032 toto

307 4079 350 4140 nil
372 4080 473 4142 audire
495 4079 593 4154 velim,
617 4080 661 4141 nil
683 4079 795 4142 discere
818 4080 898 4161 quod
920 4079 999 4140 levet
1020 4097 1148 4158 aegrum,

306 4185 372 4247 fidis
395 4186 526 4248 offendar
547 4186 679 4261 medicis,
702 4187 813 4248 irascar
834 4183 947 4258 amicis,

1070 4286 1087 4337 2
