3209 5125
757 1348 775 1443 l

369 1544 458 1652 Cum
482 1595 527 1648 tot
550 1588 696 1649 sustineas
719 1597 749 1649 et
770 1596 856 1650 tanta
878 1589 996 1669 negotiu
1019 1590 1109 1666 solus,

315 1712 361 1755 res
384 1693 477 1755 Italas
501 1694 591 1755 annis
613 1694 728 1769 tuteriS,
751 1694 882 1757 moribus
905 1714 1001 1771 ornes,

315 1798 430 1880 legibus
454 1801 600 1875 emendes,
625 1801 657 1861 iu
680 1800 800 1880 publice
823 1804 979 1864 commoda
1001 1822 1128 1882 peccem,

315 1907 342 1967 si
363 1907 453 1986 longo
477 1926 611 1967 sermone
634 1926 731 1969 morer
753 1916 805 1969 tuo
826 1917 969 1988 temporo,
995 1909 1112 1973 Caesar.

316 2012 461 2075 Romulus
485 2021 515 2073 et
536 2013 628 2075 Liber
649 2022 733 2093 pater
757 2023 786 2075 et
811 2034 877 2076 cum
901 2014 1024 2077 Castore
1045 2016 1164 2092 Pollux,

315 2129 385 2199 post
406 2120 538 2199 ingentio
560 2120 638 2181 factu
661 2120 781 2181 deorum
805 2120 836 2181 in
859 2122 970 2201 templo
995 2124 1113 2203 recepti,

317 2228 386 2288 dum
409 2236 501 2289 terras
523 2226 734 2307 hominumque
758 2226 860 2288 colunt
881 2247 982 2307 genus,
1006 2249 1111 2310 aspera
1132 2230 1213 2292 bello

318 2340 506 2413 componunt,
531 2352 616 2413 agros
639 2334 801 2413 assignant,
827 2334 937 2414 oppido
959 2339 1099 2412 condunt,

317 2440 469 2520 ploravere
492 2439 553 2500 suis
577 2458 638 2500 non
660 2442 836 2520 respondere
859 2441 990 2503 levorem

317 2555 465 2627 speratum
488 2546 608 2609 meritis.
644 2546 739 2608 dirum
763 2547 813 2628 qui
837 2548 972 2611 contudit
992 2549 1116 2633 hydram

317 2662 446 2736 notaque
469 2653 553 2716 letali
575 2662 713 2734 portentu
734 2654 837 2716 labore
860 2655 983 2735 subegit,

319 2760 460 2840 comperit
483 2761 627 2822 invidiam
650 2781 784 2841 supremo
808 2763 866 2824 fine
889 2763 1011 2825 domari.

316 2866 376 2928 urit
398 2866 476 2928 enim
498 2868 609 2947 fulgore
632 2887 685 2929 suo
710 2869 761 2950 qui
783 2878 957 2949 praegravat
978 2878 1056 2932 artes

318 2973 395 3034 infra
417 2994 449 3035 se
471 2975 598 3054 positos:
623 2975 770 3062 extinctus
793 2975 941 3038 amabitur
962 2977 1049 3039 idem.

317 3081 464 3160 praesenti
486 3081 542 3143 tibi
564 3090 695 3142 maturos
718 3081 857 3161 largimur
877 3083 1004 3144 honores
1074 3158 1076 3162 .

316 3187 512 3268 iurandasque
534 3196 617 3249 tuum
639 3207 691 3267 per
713 3208 821 3250 numen
842 3190 980 3270 ponimus
1002 3210 1069 3252 aras

318 3293 361 3354 nil
384 3294 525 3356 oriturum
548 3293 633 3368 olias,
657 3294 700 3355 nil
723 3303 819 3356 ortum
842 3296 902 3358 tale
925 3297 1059 3360 latentes.

365 3505 425 3569 Sed
447 3514 515 3567 tuus
537 3506 594 3566 hoc
616 3505 742 3585 populus
766 3507 885 3586 sopiens
907 3517 938 3569 et
959 3509 1053 3570 iustus
1076 3510 1107 3570 in
1130 3530 1189 3572 uno

311 3609 364 3697 [te
386 3611 496 3673 nostris
519 3612 652 3687 ducibus
675 3620 705 3673 te
728 3611 818 3674 Grais
840 3613 1044 3696 anteferendo]

319 3727 415 3780 cetero
436 3738 621 3801 nequaquam
644 3718 733 3780 simili
755 3719 871 3780 ratione
892 3721 1039 3802 modoque

319 3825 464 3900 aestimat,
488 3835 518 3886 et
540 3825 598 3887 nisi
622 3845 696 3907 quae
718 3826 803 3888 terris
827 3835 940 3888 semota
962 3827 1081 3908 suisque

317 3932 498 4012 temporibus
521 3933 658 3995 defuncta
680 3933 769 4008 videt,
793 3934 908 3995 fastidit
929 3942 959 3994 et
982 3929 1054 4009 odit,

319 4038 362 4099 sic
384 4038 480 4100 fautor
501 4048 640 4115 veterum,
663 4050 697 4102 ut
718 4041 836 4103 tubulas
859 4060 979 4120 peccare
1001 4041 1139 4115 vetantis,

278 4264 362 4315 Vnum
373 4281 470 4317 osculo.
509 4265 541 4316 18
558 4266 606 4318 hoo
624 4267 679 4320 cod.
693 4286 723 4320 ec
734 4269 838 4340 collepr'o
853 4266 994 4331 Trinitatis,
1012 4268 1098 4323 rodolt.
1110 4268 1151 4320 hic
1166 4275 1244 4322 cetere·
1254 4268 1322 4322 utro
