3209 5125
672 445 702 507 Q.
722 445 855 497 Homul
872 447 993 499 FLAGGI

359 626 419 668 non
443 606 571 687 equitem
593 607 691 681 dorso,
716 626 775 669 non
799 608 912 669 frenum
934 608 1047 689 depulit
1070 626 1128 671 ore.

360 714 403 774 sic
426 712 476 795 qui
498 706 666 793 pauperiem
689 713 799 775 veritus
821 714 936 793 potiore
958 715 1086 778 metallis

359 819 495 882 libertate
518 828 606 893 earet,
629 818 780 881 dominum
803 821 886 881 vehit
906 821 1058 902 improbus
1081 831 1169 903 atque

361 926 468 987 serviet
490 934 648 999 aeternum,
677 924 747 1006 quia
768 945 860 1005 parvo
883 928 995 990 nesciet
1015 929 1068 991 uti.

360 1033 371 1093 i
393 1051 480 1106 nuno,
504 1041 656 1112 argentum
678 1040 708 1093 et
728 1051 858 1093 marmor
878 1042 963 1096 vetus
985 1054 1110 1116 aeraque
1133 1042 1163 1094 et
1184 1040 1262 1095 artes

359 1138 483 1218 suspice,
508 1158 575 1200 eum
597 1137 718 1218 gemmis
741 1138 848 1220 Tyrios
870 1140 976 1203 mirare
999 1141 1129 1215 colores3

359 1245 453 1325 gaude
476 1246 555 1325 quod
578 1253 713 1324 spectant
735 1244 813 1306 oculi
835 1253 865 1307 ta
886 1246 968 1308 mille
990 1247 1174 1329 loquentem3

360 1370 472 1431 gnavus
494 1370 581 1413 mene
603 1352 698 1413 forum
721 1360 751 1412 et
772 1352 957 1431 vespertinus
978 1361 1046 1432 pete
1067 1361 1186 1427 tectum,

360 1476 398 1518 ue
419 1456 485 1538 plus
508 1457 645 1519 frumenti
667 1456 817 1520 dotalibus
840 1467 949 1521 emetat
970 1459 1047 1539 agris

359 1566 461 1625 Mutus
483 1572 513 1625 et
536 1561 713 1644 (indiguum,
738 1566 818 1645 quod
839 1564 879 1625 sit
900 1564 1050 1645 peioribus
1072 1561 1169 1646 ortus)

359 1670 408 1732 hio
430 1668 486 1732 tibi
509 1669 549 1731 sit
570 1670 678 1749 potius,
704 1690 791 1753 quem
814 1680 848 1731 tu
869 1671 1014 1734 mirabilis
1037 1672 1097 1733 illi:

361 1776 503 1858 quidquid
526 1779 580 1843 sub
603 1784 682 1838 terre
704 1786 758 1851 est,
782 1778 813 1839 in
837 1778 968 1858 apricum
989 1779 1115 1857 proferet
1136 1786 1228 1851 aeres,

360 1882 489 1944 defodiet
512 1883 676 1964 condetque
699 1882 833 1945 nitentia
867 1904 933 1946 oum
956 1886 1031 1946 bene
1054 1892 1158 1946 uotum

360 1989 489 2069 porticus
512 1988 664 2069 Agrippae
686 1998 716 2051 et
738 1989 788 2051 via
810 1998 840 2051 te
863 1990 1050 2070 conspexerit
1071 1989 1164 2070 Appi,

360 2096 402 2157 ire
424 2104 523 2157 tamen
545 2103 638 2157 restat
659 2096 760 2157 Numa
782 2116 841 2177 quo
863 2096 983 2159 devenit
1005 2105 1035 2159 et
1056 2095 1170 2159 Ancus.

404 2308 492 2381 Vive,
516 2307 591 2368 vale.
626 2307 652 2368 si
676 2308 746 2390 quid
769 2308 880 2369 novisti
902 2308 1010 2370 rectius
1032 2308 1109 2383 istis,

361 2413 503 2475 candidus
526 2413 658 2493 imperti3
683 2413 709 2474 si
732 2432 801 2488 non,
825 2413 873 2475 his
895 2423 976 2477 ubere
997 2433 1119 2476 mecum.

791 2717 873 2811 Vll

408 2944 546 3028 Quinque
568 2945 630 3008 dies
653 2945 710 3008 tibi
731 2945 883 3026 pollicitus
904 2963 952 3008 me
974 2963 1040 3007 nrre
1061 2945 1190 3008 futurum

363 3052 507 3115 Sextilem
529 3060 624 3113 toturn
646 3052 773 3114 mendas
796 3051 952 3114 desideror.
987 3051 1070 3132 atqui

363 3159 388 3220 si
410 3178 458 3220 me
480 3158 578 3219 vivere
600 3158 647 3220 vis
669 3178 773 3220 sanum
795 3167 931 3240 recteque
953 3159 1111 3232 valentem,

363 3284 451 3347 quam
473 3264 546 3325 mihi
569 3266 622 3326 das
644 3283 741 3345 aegro,
765 3264 851 3327 dabis
873 3272 1024 3347 aegrotare
1045 3262 1171 3337 timenti,

362 3373 530 3444 Maecenas,
553 3370 679 3446 veniam,
703 3372 773 3434 dum
795 3373 867 3433 ficus
889 3371 986 3451 prima
1007 3370 1145 3453 calorque

363 3477 587 3557 dissignatorem
610 3478 730 3540 decorat
751 3476 904 3540 lictoribus
927 3477 1009 3551 atris,

363 3585 432 3645 dum
455 3583 552 3664 pueris
576 3583 672 3645 omnis
695 3591 778 3663 pater
801 3592 831 3646 et
853 3584 1014 3648 matercula
1035 3581 1127 3665 pallet

363 3690 550 3771 officiosaque
574 3688 714 3752 sedulitas
737 3699 768 3752 et
790 3690 889 3771 opella
910 3689 1034 3754 forensis

364 3797 483 3859 adducit
505 3797 600 3859 febres
623 3805 653 3857 et
674 3804 854 3860 testamenta
876 3797 1013 3876 resignat.

364 3904 443 3986 quod
466 3903 492 3965 si
514 3905 618 3966 bruma
639 3900 723 3966 nives
745 3902 875 3966 Albanis
897 3902 1003 3966 inlinet
1024 3899 1111 3980 agris,

254 4009 259 4016 '
363 4013 402 4072 ad
424 4029 505 4071 mare
527 4010 683 4072 descendet
704 4017 788 4070 vates
810 4018 878 4070 tuus
901 4017 931 4069 et
953 4006 1011 4069 sibi
1033 4013 1134 4085 parcet

364 4124 588 4197 contractusque
611 4114 700 4198 leget:
724 4123 762 4190 te,
788 4114 882 4180 dulcis
904 4112 1008 4188 amice,
1030 4112 1140 4176 reviset

363 4242 429 4284 cum
452 4221 597 4303 zephyris,
622 4220 647 4282 si
670 4222 822 4294 concedes,
847 4229 877 4283 et
898 4218 1054 4284 hirundine
1075 4217 1178 4298 prima.
