3209 5125
634 446 701 497 Alis
719 445 874 498 ΡΟΕΤΙΟΑ.

288 574 415 672 Δἱιιιίἰοίε
438 618 572 690 argutum
596 630 671 691 quae
693 629 753 671 uon
776 609 915 671 formidat
936 629 1074 672 acumen:

308 718 381 779 haec
404 716 515 797 placuit
537 716 637 791 semel,
660 716 733 778 haec
755 715 873 778 deciens
895 716 1020 796 repetita
1042 715 1180 795 placebit.
1325 724 1368 765 ³⁶⁵

355 927 382 990 O
405 927 500 989 maior
521 927 669 1002 iuvenum,
694 928 829 1010 quamvis
851 937 882 990 et
902 948 976 991 voce
998 937 1121 1008 paterna

309 1033 424 1115 fingeris
447 1036 485 1096 ad
507 1043 618 1097 rectum
641 1044 671 1096 et
693 1054 745 1115 per
765 1044 795 1095 te
818 1035 909 1115 sapis,
932 1035 989 1096 hoc
1011 1034 1068 1097 tibi
1089 1033 1201 1096 dictum

309 1141 381 1203 tolle
403 1160 523 1216 memor,
547 1141 633 1203 certis
656 1141 784 1203 medium
808 1149 838 1202 et
860 1141 1013 1204 tolerabile
1034 1144 1122 1203 rebus

308 1256 386 1309 recte
409 1247 530 1309 concedi
554 1243 721 1328 (consultus
744 1247 816 1309 iuris
838 1255 868 1308 et
890 1257 972 1310 actor

310 1372 463 1416 causarum
486 1353 641 1415 mediocris
664 1356 749 1415 abest
771 1353 878 1415 virtute
901 1352 1003 1416 diserti

309 1460 468 1522 Messallss
491 1479 544 1521 nec
568 1460 624 1521 scit
647 1469 788 1541 quantum
813 1458 974 1521 Cascellius
997 1460 1104 1536 Aulus,

309 1568 360 1629 sed
383 1565 536 1628 tamenin
559 1565 652 1646 pretio
676 1562 751 1646 cst):
775 1565 971 1628 mediocribus
994 1586 1059 1629 esse
1081 1567 1178 1648 postis

311 1693 372 1735 non
394 1672 537 1746 homines,
561 1672 684 1747 nundi,
709 1690 769 1735 uou
793 1691 963 1734 concessere
985 1673 1148 1737 columnae.

310 1788 343 1841 ut
365 1788 462 1859 gratas
485 1778 562 1839 inter
583 1798 701 1841 mensas
723 1778 902 1861 symphonia
922 1779 1035 1842 discors

310 1894 340 1947 et
362 1905 492 1948 crassum
515 1894 694 1965 unguentum
717 1894 747 1946 et
769 1884 866 1949 Sardo
890 1906 955 1947 cum
978 1886 1066 1949 melle
1087 1907 1217 1969 papaver

312 1992 471 2067 offendunt,
496 1999 612 2071 poterat
635 1992 702 2053 duci
725 1990 796 2073 quia
819 2010 892 2053 cena
914 1992 978 2054 sine
1001 1992 1081 2054 istis:

309 2099 352 2161 sic
374 2098 482 2160 animis
505 2107 607 2159 natum
629 2098 840 2179 inventumque
861 2106 970 2177 pobma
991 2099 1138 2175 iuvandis,

309 2205 336 2267 si
357 2205 488 2285 paullum
512 2225 532 2266 a
553 2224 666 2265 summo
690 2204 825 2278 decessit,
849 2204 943 2285 vergit
964 2208 1003 2267 ad
1024 2206 1126 2270 imum.

310 2312 408 2374 ludere
432 2310 481 2393 qui
505 2312 599 2373 nescit
621 2311 834 2391 campestribus
856 2311 986 2373 abstinet
1007 2312 1114 2388 armis3

310 2420 504 2500 indoctusque
526 2417 605 2497 pilae
627 2417 738 2479 discive
760 2418 893 2479 trochive
915 2418 1048 2499 quiescit,

310 2546 347 2589 ne
371 2526 483 2608 spissae
506 2525 597 2587 risum
621 2525 730 2587 tollant
752 2524 863 2606 inpune
885 2544 1026 2588 coronae:

311 2634 362 2716 qui
386 2633 480 2696 nescit
502 2652 603 2694 versus
625 2641 725 2694 tamen
748 2634 837 2694 audet
858 2633 974 2713 lingere,
998 2633 1120 2714 quidni?

311 2740 386 2802 liber
408 2749 438 2801 et
460 2740 611 2820 ingenuus,
636 2739 807 2820 praesertim
830 2759 934 2801 census
957 2749 1120 2822 equestrem

312 2867 455 2909 summam
478 2866 662 2908 nummorum
686 2845 818 2928 vitioque
840 2854 969 2908 remotus
991 2849 1029 2909 ab
1053 2846 1144 2910 omni.

310 2963 343 3016 tu
366 2954 440 3015 nihil
463 2953 558 3015 invita
580 2953 660 3016 dices
683 2953 810 3016 faciesve
831 2953 984 3027 blinerva3

311 3059 341 3122 id
364 3060 420 3121 tibi
442 3059 622 3134 iudiciumst‚
645 3067 681 3121 ea
702 3079 800 3120 meus:
824 3059 923 3142 siquid
945 3069 1044 3122 tamen
1068 3060 1139 3123 olim

312 3166 473 3246 scripseris,
497 3167 528 3226 in
551 3165 648 3227 Maeci
671 3166 832 3228 descendat
852 3166 959 3229 iudicis
981 3167 1061 3230 auris

312 3281 342 3334 et
363 3272 456 3354 patris
479 3281 508 3333 et
530 3281 656 3346 nostras,
680 3290 849 3353 nonumque
870 3282 1018 3352 prematur
1039 3274 1070 3335 in
1094 3292 1213 3348 annum,

311 3378 490 3441 membranis
513 3378 592 3439 intus
615 3377 730 3457 positis.
765 3378 861 3440 delere
883 3379 984 3442 licebit

312 3487 390 3568 quod
414 3504 474 3546 non
497 3484 637 3546 edideris:
661 3484 756 3546 nescit
777 3504 838 3547 vox
861 3486 953 3548 missa
973 3487 1089 3549 reverti.

312 3601 345 3655 ut
366 3611 481 3674 praeco,
505 3593 544 3654 ad
566 3611 676 3655 merces
698 3593 816 3654 turbam
838 3592 890 3672 qui
912 3592 992 3672 cogit
1013 3594 1160 3666 emendas,

312 3700 514 3761 adsentatores
536 3697 618 3760 iubet
639 3700 678 3760 ad
700 3685 812 3761 lucrum
833 3698 876 3759 ire
898 3705 989 3779 potita

311 3805 394 3868 dives
417 3805 504 3884 agris,
528 3804 611 3866 dives
633 3805 740 3886 positis
762 3805 794 3866 in
817 3807 916 3867 fenore
938 3804 1074 3866 nummis.

313 3911 339 3973 si
361 3931 431 3973 vero
455 3919 500 3972 est
521 3920 641 3974 unctum
665 3913 715 3995 qui
737 3921 815 3975 recte
837 3932 946 3994 ponere
968 3911 1063 3993 possit

313 4028 343 4080 et
365 4020 508 4099 spondere
530 4019 589 4080 levi
611 4039 663 4098 pro
688 4039 815 4101 paupere
838 4030 868 4082 et
889 4019 1000 4100 eripere
1022 4018 1094 4081 artis

272 4173 356 4226 Viam
368 4190 464 4226 uncrro.
501 4174 551 4226 381
572 4176 633 4226 artis
645 4174 764 4230 Pottlerr'r'
782 4176 861 4231 rodes
874 4175 908 4228 12
922 4183 945 4230 et
958 4175 1099 4230 Vaticanus
1116 4194 1149 4227 m.
1160 4192 1217 4237 roc,
1236 4173 1317 4229 Bent-

18 4253 27 4374 l
200 4266 272 4317 term.
301 4263 361 4315 atris
379 4269 456 4317 cerm
472 4262 532 4316 oon
