3209 5125
659 500 725 551 ΑΕΒ
744 501 901 554 ΡΟΕΤΙΟΑ.

379 662 444 725 Aut
466 663 605 743 prodesse
627 663 731 725 volunt
753 673 805 727 aut
828 666 973 727 delectare
995 676 1102 746 poetae

335 778 387 831 aut
409 769 497 830 simul
520 777 550 829 et
572 768 699 832 iucunda
722 781 751 832 et
773 772 882 833 idonea
904 772 999 833 dicere
1022 773 1110 834 vitae.

335 874 477 958 quidquid
499 874 670 956 praecipies,
696 886 758 938 esto
781 878 890 952 brevis,
914 887 947 939 ut
970 878 1028 940 cito
1052 880 1132 941 dieta

335 982 499 1064 percipiant
521 981 613 1043 animi
636 983 747 1073 dociles
771 992 949 1066 teneantque
970 986 1079 1047 fideles.

334 1091 403 1151 fieta
424 1088 585 1168 voluptatis
609 1108 699 1151 causa
721 1089 782 1151 sint
804 1091 940 1170 proxima
962 1091 1053 1152 veris:

335 1216 371 1257 ne
396 1196 598 1277 quodcumque
621 1195 702 1256 volet
724 1206 830 1275 poscat
851 1197 909 1259 sibi
933 1198 1033 1259 fabula
1057 1199 1145 1273 credi,

335 1322 391 1364 neu
415 1320 539 1383 pransae
562 1300 684 1363 Lamiae
707 1303 807 1364 vivum
830 1323 950 1383 puemm
974 1305 1111 1366 extrahat
1132 1306 1210 1367 alvo.

335 1409 483 1471 centuriae
505 1408 653 1470 seniorum
676 1410 790 1489 agitant
813 1410 946 1490 expertia
967 1410 1067 1489 frugis,

334 1516 405 1578 celsi
427 1524 611 1595 praetereunt
633 1524 750 1577 austera
772 1525 912 1596 poemata
934 1517 1080 1577 Ramnes:

335 1642 422 1685 omne
444 1622 512 1683 tulit
534 1630 675 1701 punctum
699 1622 748 1704 qui
771 1623 890 1685 miscuit
912 1623 984 1684 utile
1006 1623 1086 1685 dulci

336 1730 475 1790 lectorem
498 1729 670 1791 delectando
693 1729 860 1810 pariterque
883 1731 1039 1791 monendo.

335 1834 383 1896 hic
406 1844 497 1896 meret
519 1855 588 1897 aera
609 1836 684 1897 liber
707 1835 814 1910 Sosiis,
838 1835 887 1898 hic
910 1846 940 1898 et
961 1857 1042 1898 mare
1063 1838 1172 1899 transit

336 1950 365 2002 et
387 1941 507 2022 longum
530 1950 601 2003 noto
626 1942 762 2022 scriptori
784 1951 923 2022 prorogat
945 1963 1059 2005 aevum.

380 2155 445 2217 Aut
468 2154 563 2233 agitur
585 2173 631 2214 res
654 2154 685 2213 in
709 2154 824 2215 scaenis
847 2162 899 2215 aut
920 2163 987 2215 acta
1009 2155 1138 2217 refertur.

336 2260 453 2342 segnius
476 2260 600 2322 inritant
623 2260 738 2322 animos
762 2260 891 2321 demissa
913 2280 965 2340 per
986 2280 1086 2323 aurem

337 2388 425 2451 quam
449 2386 524 2448 quae
547 2376 615 2428 sunt
639 2367 732 2428 oculis
755 2368 888 2430 subiecta
909 2366 1045 2429 fidelibus
1069 2377 1098 2428 ct
1121 2388 1196 2450 quae

336 2476 399 2555 ipse
422 2474 480 2536 sibi
503 2456 598 2535 tradit¹
615 2482 782 2554 spectator.'
807 2482 989 2535 nontamen
1012 2473 1092 2535 intus

335 2582 425 2662 digna
447 2582 507 2662 geri
530 2601 646 2662 promes
669 2582 699 2642 in
724 2601 878 2656 scaenam;
903 2581 1053 2663 multaque
1077 2582 1164 2644 tolles

337 2709 374 2750 ex
397 2688 500 2763 oculis
525 2708 599 2769 quae
622 2708 693 2750 mox
716 2697 814 2750 narret
837 2688 975 2749 facundia
997 2708 1145 2769 praesens,

336 2814 373 2855 ne
396 2814 501 2875 pueros
524 2815 623 2857 coram
646 2795 755 2876 populo
779 2795 887 2855 Medea
908 2795 1034 2857 trucidet

336 2910 387 2963 aut
408 2901 538 2964 humana
561 2902 659 2983 palam
683 2910 792 2983 coquat
815 2910 884 2962 exta
906 2901 1034 2962 nefarius
1057 2901 1167 2964 Atreus

217 3061 220 3070 .
335 3008 440 3069 autin
463 3029 548 3072 avem
571 3010 685 3070 Procne
708 3017 846 3084 vertatur,
872 3008 1000 3069 Cadmus
1024 3008 1054 3068 in
1077 3029 1210 3090 anguem.

337 3116 539 3197 quodcumque
562 3115 693 3177 ostendis
717 3115 790 3176 mihi
813 3115 865 3189 sic,
889 3115 1055 3176 incredulus
1079 3116 1137 3178 cdi.

336 3241 409 3283 neve
433 3222 530 3283 minor
551 3241 608 3282 neu
631 3221 671 3282 sit
694 3221 796 3302 quinto
820 3221 990 3301 productior
1011 3230 1079 3282 actu

336 3327 436 3389 sabula
460 3347 534 3410 quae
556 3327 640 3408 posci
662 3326 726 3388 volt
748 3335 777 3388 et
800 3336 933 3407 spectata
954 3327 1077 3408 reposci.

336 3453 391 3495 uec
414 3435 484 3496 deus
507 3433 633 3508 intersit,
657 3432 715 3494 nisi
738 3433 843 3514 dignus
866 3433 983 3495 vindice
1006 3436 1100 3495 nodus

336 3539 480 3603 inciderit.
515 3561 570 3603 nec
593 3549 697 3622 quarta
718 3539 801 3621 loqui
823 3559 950 3620 persona
972 3540 1094 3603 laboret.

381 3753 502 3815 Actoris
524 3753 617 3834 partis
640 3753 745 3814 chorus
769 3750 953 3833 officiumque
975 3751 1059 3814 virile

164 3867 217 3921 255
336 3861 490 3936 defendat3
515 3879 571 3921 neu
595 3859 664 3942 quid
687 3859 800 3921 medios
823 3858 980 3920 intercinat
1001 3867 1094 3934 actus,

339 3969 417 4048 quod
440 3987 500 4028 non
523 3965 675 4047 proposito
700 3968 845 4028 conducat
868 3973 897 4027 et
919 3967 1038 4027 haereat
1059 3976 1136 4047 apte.

337 4153 417 4195 omne
434 4153 634 4208 supervacuum
651 4139 732 4208 pleno
750 4139 784 4194 de
803 4143 914 4209 pectore
932 4144 1034 4194 manat.

296 4297 380 4349 Vanis
392 4315 488 4350 nncrro.
524 4298 574 4349 251
595 4301 692 4365 reposci
705 4297 915 4370 Wyttendoehr'us
931 4300 1020 4366 reponi
1036 4300 1097 4355 libri
