3209 5125
576 457 821 509 uplsrvnnuvu
839 458 902 509 LIB.
915 459 935 509 Ι.
948 459 974 510 6.

300 618 357 679 hoc
379 619 490 697 primus
512 627 627 697 repetas
651 638 733 699 opus,
757 619 815 680 hoc
836 628 1000 699 postremus
1025 620 1152 681 omittas.

302 722 327 784 si
350 724 530 787 fortunatum
553 725 665 804 species
688 732 718 786 et
740 724 835 804 gratia
856 733 995 805 praestat,
1033 718 1039 726 ’

301 849 461 893 mercemur
483 850 597 892 servum
622 830 672 913 qui
695 831 786 893 dictet
809 831 939 906 nomina,
963 831 1079 893 laevum

302 936 353 1019 qui
374 937 485 999 fodicet
506 938 583 999 latus
607 946 637 1000 et
659 947 745 1017 cogat
766 946 849 999 trans
871 940 1003 1018 pondera
1025 939 1159 1000 dextram

301 1042 459 1123 porrigere:
481 1036 544 1105 ‘hic
567 1044 691 1107 multum
714 1044 745 1105 in
768 1044 864 1107 Fabia
885 1044 973 1119 valet,
997 1044 1048 1105 ille
1069 1044 1194 1120 Velina3

302 1149 349 1211 cui
371 1149 444 1212 libet
465 1150 514 1211 hic
536 1151 630 1212 fasces
653 1151 736 1213 dabit
759 1150 919 1233 eripietque
942 1150 1040 1213 curule

301 1257 348 1319 cui
370 1255 451 1317 volet
473 1256 656 1337 importunus
680 1250 774 1320 ahua’
802 1250 927 1331 ‘frater',
945 1252 1055 1337 ‘pater’
1077 1259 1168 1320 adde:

301 1371 334 1424 ut
356 1362 461 1445 cuique
483 1373 529 1424 est
550 1373 641 1440 aetus,
665 1364 709 1427 ita
732 1383 876 1447 quemque
898 1364 1009 1425 facetus
1031 1365 1149 1444 adopta

301 1470 425 1531 sibene
448 1470 498 1552 qui
521 1480 607 1533 cenat
627 1474 702 1533 bene
725 1470 814 1533 vivit:
839 1471 925 1544 lucet,
949 1490 1049 1532 eamus
1189 1465 1191 1468 ’

302 1595 359 1657 quo
383 1576 464 1639 ducit
486 1577 569 1657 gula3
593 1577 756 1657 piscemur;
780 1597 928 1651 venemur,
951 1586 986 1637 ut
1008 1576 1079 1638 olim

301 1682 460 1763 Gargilius
485 1682 535 1765 qui
557 1703 644 1745 mane
665 1684 767 1765 plagas
790 1683 937 1747 venabula
960 1703 1059 1745 servos

302 1788 447 1851 differtum
470 1791 594 1852 transire
616 1791 711 1852 forum
734 1809 927 1872 campumque
949 1790 1078 1865 iubebat,

300 1914 376 1957 uuus
399 1904 433 1957 ut
455 1916 471 1958 e
493 1896 593 1958 multis
615 1897 724 1977 populo
748 1905 899 1977 spectante
920 1897 1040 1957 referret

301 2011 431 2083 emptum
453 2001 549 2063 mulus
571 2022 683 2082 aprum.
718 2003 799 2064 crudi
821 2002 985 2084 tumidique
1007 2003 1146 2077 lavemur,

301 2108 372 2189 quid
394 2109 505 2181 deceat,
530 2107 601 2189 quid
623 2128 693 2182 non,
718 2108 814 2182 obliti,
839 2108 954 2170 Caerite
977 2128 1045 2169 cera

299 2213 390 2295 digni,
414 2214 566 2293 remigium
589 2213 727 2275 vitiosum
750 2214 914 2275 Ithacensis
937 2212 1030 2288 Ulixi,

301 2321 347 2382 cui
369 2320 467 2400 potior
488 2320 585 2400 patria
607 2320 662 2382 fuit
683 2320 841 2382 interdicta
862 2320 1008 2400 voluptas.

189 2440 191 2445 ·
300 2426 335 2513 si,
359 2426 551 2489 Mimnermus
574 2428 617 2488 uti
640 2436 749 2501 censet,
777 2426 841 2488 sine
863 2445 962 2487 amore
984 2425 1117 2508 iocisque

301 2533 344 2596 nil
367 2542 414 2608 cst¹
432 2534 604 2597 iucundum:
629 2535 713 2597 vivas
736 2534 768 2596 in
790 2552 890 2596 amore
912 2532 1052 2615 iocisque.

343 2747 414 2808 Non
437 2747 488 2829 qui
511 2746 636 2816 Sidonio
661 2749 837 2810 contendere
859 2745 985 2808 callidus
1007 2753 1087 2808 ostro

301 2853 395 2915 nescit
416 2853 599 2935 Aquinatem
621 2853 756 2934 potantia
779 2853 888 2915 vellera
909 2853 1007 2914 fucum

301 2959 406 3021 certius
429 2960 554 3040 accipiet
576 2962 716 3023 damnum
738 2959 896 3040 propiusve
918 2959 1064 3033 medullis,

300 3085 388 3147 quam
412 3066 461 3147 qui
484 3086 544 3127 non
567 3067 675 3147 poterit
697 3087 765 3130 vero
789 3066 967 3146 distinguere
993 3065 1107 3127 falsum.

301 3191 387 3252 quem
408 3192 455 3234 res
478 3173 545 3254 plus
568 3173 659 3235 nimio
683 3173 864 3236 delectavere
887 3174 1041 3247 secundae,

301 3287 430 3340 mutatae
454 3279 595 3361 quatient.
631 3279 728 3361 siquid
750 3279 903 3354 mirabere,
926 3298 1018 3359 pones

300 3383 419 3446 invitus.
454 3384 519 3465 fuge
543 3404 665 3466 magna:
688 3386 757 3448 licet
780 3388 835 3447 sub
857 3404 985 3466 paupere
1007 3393 1085 3447 tecto

299 3510 381 3571 reges
404 3499 433 3552 et
454 3511 554 3573 regum
576 3491 639 3553 vita
660 3511 843 3573 praecurrere
865 3491 985 3554 amicos.

300 3617 401 3659 cervus
424 3617 530 3680 equum
552 3618 651 3679 pugna
672 3598 775 3661 melior
798 3598 1002 3660 communibus
1024 3597 1123 3659 herbis

299 3704 437 3784 pellebat,
462 3706 555 3768 donec
578 3705 675 3767 minor
696 3705 727 3767 iu
752 3704 910 3767 certamine
932 3703 1021 3784 longo

300 3810 469 3890 imploravit
492 3831 562 3892 opes
585 3811 714 3874 hominis
736 3812 907 3892 frenumque
929 3810 1046 3889 recepit.

300 3918 352 3978 sed
373 3926 531 4000 postquam
553 3919 632 3982 victo
654 3918 754 3981 ridens
776 3917 914 3980 discessit
934 3918 973 3979 ab
995 3917 1090 3990 hoste,

211 4074 422 4082 --——-—----

282 4157 366 4209 Vnam
378 4175 474 4212 sucuro.
504 4161 539 4211 48
551 4177 666 4228 campum
675 4161 934 4227 Bentlefacpopulum
945 4161 1005 4215 utra·
1075 4158 1109 4211 67
1121 4157 1189 4210 uicto
1198 4158 1328 4212 Beatfer'uc

211 4245 290 4296 uictor
307 4246 368 4298 libri
440 4247 525 4300 ridens
543 4248 672 4320 Haupttuc
689 4250 786 4301 uiolenn
803 4249 872 4303 utra
