3209 5125
585 468 829 527 uplsrvlmavur
847 470 910 521 LIB.
922 471 942 521 Ι.
956 471 980 522 6.

312 632 387 693 inter
409 630 577 693 Minturnas
600 630 871 714 Sinuessanumque
892 630 1052 696 Petrinum.

312 738 480 799 iamdudum
504 737 640 817 splendet
662 739 743 799 focus
767 748 796 799 et
818 739 874 801 tibi
896 742 1006 801 munda
1030 743 1171 822 supellex.

311 844 395 905 mitte
418 844 492 904 levis
515 862 582 923 spes
606 852 635 904 et
657 844 819 906 certamina
839 845 1008 907 divitiarum

311 958 341 1010 et
363 950 480 1011 Moschi
503 968 630 1012 causam.
667 970 730 1012 cras
753 961 824 1012 nato
849 952 975 1014 Caesare
997 955 1089 1015 festus

312 1057 363 1117 dat
385 1057 502 1117 veniam
526 1063 719 1139 somnumque·
741 1058 818 1118 dies:
841 1058 960 1139 impune
982 1058 1083 1122 licebit

311 1162 454 1236 aestivam
478 1181 611 1225 sermone
633 1163 761 1243 benigno
785 1166 904 1226 tendere
928 1175 1053 1229 noctem.

312 1269 338 1329 si
360 1268 464 1331 melius
488 1269 559 1351 quid
581 1269 682 1344 habes,
706 1288 831 1345 arcesse,
855 1272 902 1333 vel
924 1272 1078 1352 imperium
1100 1276 1156 1336 ier:

311 1376 384 1437 haec
407 1394 459 1455 ego
483 1366 637 1455 proouraie
660 1385 690 1437 et
711 1376 836 1438 idoneus
858 1378 984 1458 imperor
1007 1389 1036 1441 et
1059 1398 1118 1442 nou

311 1481 431 1557 invitus,
455 1500 492 1544 ue
515 1491 598 1563 turpe
620 1482 706 1557 toral,
730 1502 767 1544 ne
790 1483 910 1547 sordida
930 1506 1038 1567 mappa

311 1596 449 1668 comaget
471 1607 566 1664 nares,
591 1608 627 1651 ne
650 1607 711 1650 non
734 1600 763 1652 et
786 1592 944 1655 cantharus
966 1603 996 1654 et
1017 1594 1089 1655 lanx

312 1696 449 1756 ostendat
470 1695 526 1757 tibi
548 1704 586 1770 te,
611 1715 649 1756 ne
670 1697 744 1758 fidos
767 1697 844 1759 inter
864 1700 976 1761 amicos

312 1801 351 1862 sit
374 1802 424 1884 qui
447 1801 527 1863 dicta
549 1801 627 1864 foras
650 1802 790 1878 eliminet,
814 1814 847 1865 ut
869 1814 956 1868 coeat
978 1826 1032 1885 par

311 1891 503 1990 iungaturque
525 1909 597 1988 pari.
632 1911 756 1971 Butram
778 1910 834 1972 tibi
857 1912 1087 1995 Septiciumque,

312 2024 341 2076 et
363 2016 420 2076 nisi
444 2034 517 2077 cena
538 2016 618 2095 prior
639 2015 794 2097 potiorque
816 2019 915 2097 puella
938 2020 1083 2083 Sabinum

312 2121 432 2196 detinet,
457 2124 619 2184 adsumam.
654 2122 737 2183 locus
760 2132 806 2184 est
828 2133 857 2184 et
878 2125 1011 2204 pluribus
1033 2127 1155 2202 umbris,

310 2229 362 2290 sed
385 2229 472 2289 nimis
495 2237 560 2291 arta
582 2238 717 2308 premunt
740 2229 837 2291 olidae
859 2231 998 2293 convivia
1019 2251 1132 2312 caprae.

309 2344 343 2396 tu
366 2346 472 2417 quotus
495 2356 558 2398 esse
580 2335 654 2397 velis
676 2336 812 2411 rescribe,
836 2347 866 2398 et
887 2341 975 2401 rebus
996 2338 1115 2400 omissis

310 2443 386 2505 atria
408 2453 573 2506 servantem
595 2444 710 2524 postico
733 2442 802 2506 falle
825 2444 969 2506 clientem.

743 2745 846 2891 n

353 2975 406 3037 Nil
428 2975 566 3039 admirari
588 2997 679 3058 prope
700 2997 747 3038 res
770 2986 817 3038 est
837 2997 905 3052 una,
928 2978 1056 3054 Numici,

310 3084 432 3164 solaque
455 3103 529 3166 quae
551 3085 647 3164 possit
667 3086 762 3146 facere
786 3093 816 3145 et
838 3103 954 3146 servare
975 3088 1102 3148 beatum.
1152 3121 1154 3127 .

309 3191 388 3252 hunc
411 3190 504 3252 solem
527 3198 556 3251 et
579 3191 680 3252 stellas
703 3199 732 3252 et
755 3191 926 3253 decedentia
948 3192 1035 3254 certis

310 3305 443 3376 tempora
465 3296 622 3358 momentis
646 3306 714 3358 sunt
737 3297 787 3380 qui
809 3297 965 3360 formidine
987 3300 1070 3362 nulla

308 3573 362 3627 quo
381 3557 446 3613 mihi
463 3557 609 3628 fortunam,
628 3559 651 3613 si
668 3573 723 3613 non
740 3555 900 3614 conceditur
917 3560 976 3614 uti?

308 3663 407 3716 parcus
425 3647 461 3702 ob
479 3646 587 3702 heredis
605 3663 698 3702 curam
717 3647 885 3716 nimiumque
903 3661 1016 3702 severus

308 3735 412 3790 assidet
429 3737 534 3790 insano.
562 3742 657 3804 potare
676 3741 704 3790 et
722 3750 852 3804 spargere
869 3735 950 3789 flores

308 3825 435 3894 incipiam
453 3825 594 3894 patiarque
613 3826 657 3880 vel
673 3825 843 3880 inconsultus
859 3823 963 3878 haberi.

309 3912 374 3982 quid
392 3927 446 3967 non
464 3911 582 3967 ebrietas
600 3913 746 3984 designat?
764 3918 860 3984 operta
876 3913 1000 3981 recludit,

309 4017 373 4072 spes
391 4000 467 4056 iubet
485 4016 545 4055 esse
563 4006 646 4071 ratas,
665 4002 700 4056 ad
718 4003 823 4071 proelia
839 4001 926 4055 trudit
941 4003 1065 4072 inertem,

309 4090 431 4144 sollicitis
449 4091 546 4144 animis
565 4105 634 4145 onus
652 4091 755 4160 eximit,
774 4089 892 4144 addocet
909 4096 990 4145 artes.

309 4177 418 4233 fecundi
437 4179 535 4233 calices
553 4194 633 4247 quem
652 4195 706 4235 nou
724 4178 814 4234 fecere
831 4178 983 4235 disertum?

308 4270 448 4321 contracta
465 4281 547 4336 quem
565 4283 619 4323 non
636 4268 664 4322 in
682 4272 844 4338 paupertate
862 4269 1001 4323 solutum?

1365 768 1376 805 'l
