3209 5125
402 1578 554 1686 l'lmuanc
578 1621 668 1702 capiti
691 1621 834 1684 cervicem
856 1622 952 1702 pictor
974 1620 1112 1701 equinam

344 1729 461 1809 iungere
482 1729 510 1789 si
532 1728 604 1790 velit
627 1736 656 1790 et
678 1728 776 1789 varias
798 1728 936 1789 inducere
958 1727 1074 1807 plumas

343 1836 473 1916 undique
496 1835 622 1897 conlatis
644 1834 793 1909 membris,
817 1843 851 1895 ut
872 1834 996 1913 turpiter
1018 1843 1113 1896 atram

343 1942 460 2003 desinat
482 1942 513 2002 in
536 1941 652 2021 pristim
675 1941 779 2003 mulier
801 1941 931 2001 formosa
954 1960 1086 2020 superne,

343 2057 505 2129 spectatum
529 2046 652 2109 admissi
674 2046 765 2108 risum
788 2045 915 2107 teneatis
937 2046 1048 2107 amici?

343 2155 459 2229 credite,
483 2154 618 2228 Pisones,
642 2153 692 2214 isti
714 2153 834 2215 tabulae
856 2153 918 2213 fore
940 2151 1048 2214 librum
1072 2206 1077 2215 .

340 2261 527 2342 persimilem,
552 2260 634 2341 cuins
656 2259 738 2321 velut
759 2259 839 2339 aegri
861 2257 977 2321 somnia
999 2278 1093 2321 vanae

340 2370 484 2448 tingentur
507 2367 627 2448 species.
657 2362 833 2447 ‘pictoribus
855 2374 944 2446 atque
966 2364 1064 2445 poetis

343 2474 486 2555 quidlibet
508 2474 635 2537 audendi
659 2493 772 2554 semper
794 2472 850 2534 fuit
871 2490 966 2552 aequa
987 2466 1135 2552 potestas?
1360 2488 1389 2527 ιο

341 2582 459 2656 scimur,
484 2590 514 2642 et
535 2582 612 2643 hauc
627 2581 744 2643 veniam
766 2580 951 2660 petimusque
975 2581 1135 2659 damusque
1150 2577 1295 2641 vicissim:

342 2690 394 2750 sed
417 2708 477 2749 non
500 2697 533 2749 ut
554 2687 680 2768 placidis
704 2695 812 2750 cc'e‘ant
833 2687 960 2761 inmitia,
984 2706 1044 2747 non
1066 2695 1100 2746 ut

341 2804 489 2876 serpentes
512 2794 618 2858 avibus
640 2793 831 2876 geminentur,
855 2793 978 2873 tigribus
1001 2791 1079 2872 agni.

386 3007 515 3087 Inceptis
538 3007 675 3087 gravibus
697 3008 868 3088 plemmque
891 3015 921 3067 et
942 3024 1050 3085 magna
1072 3005 1211 3084 professis

340 3134 500 3195 purpureus
522 3114 582 3175 late
605 3115 655 3194 qui
679 3115 833 3194 splendeat
855 3133 930 3176 unus
953 3122 982 3173 et
1004 3112 1078 3174 alter
1360 3128 1388 3168 15
1441 3097 1443 3099 ⁵

342 3221 473 3283 adsuitur
494 3241 619 3301 pannus,
643 3241 709 3282 cum
731 3220 815 3282 lucus
838 3229 868 3281 et
889 3240 942 3282 ara
962 3219 1079 3281 Dianae

342 3336 393 3389 aut
414 3327 599 3408 properantis
623 3345 717 3406 aquae
739 3346 791 3407 per
814 3339 955 3389 amoenos
978 3326 1107 3388 ambitus
1131 3345 1216 3405 agros

341 3443 392 3496 aut
415 3435 522 3496 flumen
544 3434 683 3496 Rhenum
706 3443 757 3496 aut
779 3433 897 3513 pluvius
922 3433 1096 3494 describitur
1117 3451 1210 3494 arcus.

342 3543 394 3604 sed
416 3560 493 3603 nunc
516 3560 576 3602 ncn
600 3548 662 3602 erat
683 3539 730 3600 bis
754 3538 845 3600 locus.
881 3548 910 3600 et
933 3540 1058 3600 fortasse
1081 3557 1249 3617 cupressum

341 3649 400 3710 scis
423 3648 573 3710 simulare:
599 3646 757 3727 quidhoc,
783 3645 809 3706 si
831 3644 932 3706 fractis
955 3652 1056 3706 enatat
1078 3663 1183 3723 exspes
1360 3660 1388 3699 20

342 3755 469 3817 navibus
491 3774 557 3816 aere
580 3755 649 3816 dato
674 3752 724 3834 qui
746 3751 895 3832 pingitur?
917 3751 1059 3830 amphora
1081 3749 1179 3828 coepit

655 3931 687 3982 ut
704 3941 756 3982 nec
772 3941 831 3996 pes,
849 3939 901 3980 nec
919 3927 1002 3993 caput
1020 3924 1067 3979 uni

341 4015 473 4070 reddatur
489 4013 602 4071 formae.

302 4174 386 4230 Vama
399 4191 496 4227 nncnro.
527 4175 543 4226 3
555 4192 593 4244 aq.
612 4183 692 4226 atram
760 4173 858 4239 pristim
878 4169 1023 4225 Gronovius
1041 4178 1064 4225 et
1078 4169 1117 4224 Ν.
1127 4169 1250 4224 Haimiua
1268 4177 1349 4220 atrum

232 4279 274 4316 ..“.
292 4263 386 4329 piscem
404 4264 465 4318 libri
538 4261 570 4312 16
589 4271 633 4313 aut
651 4262 671 4314 S
686 4261 781 4316 Orellr’c
799 4267 861 4314 tecta
878 4267 905 4310 et
921 4266 998 4313 ceteri
1015 4259 1083 4313 tetra
