3209 5125
294 451 333 514 16
687 450 717 511 o.
737 449 870 503 nonem
893 451 1015 502 rancor

426 608 568 671 Strenuus
592 618 622 671 et
643 610 726 671 fortis
750 611 906 693 causisque
928 612 1084 692 Philippus
1107 614 1229 693 agendis

380 716 475 777 clarus
497 717 535 777 ab
560 715 663 777 officiis
686 726 822 779 octavam
845 717 961 779 circiter
985 719 1089 780 horam

380 822 450 883 dnm
472 820 548 883 redit
570 831 658 903 atque
682 823 744 884 foro
769 823 891 886 nimium
915 824 1026 886 distare
1050 824 1174 887 Carinas
1289 855 1293 862 -

378 927 438 989 iam
460 928 578 1009 grandis
601 938 673 990 natu
695 930 834 1010 queritur,
858 930 1023 1011 conspexit,
1046 938 1080 992 ut
1101 932 1194 1007 ainnt,

381 1036 517 1095 adrasum
541 1036 687 1115 quendam
709 1055 803 1097 vacua
825 1036 954 1098 tonsoris
977 1037 1010 1097 in
1033 1040 1138 1100 umbra

380 1140 498 1203 cultello
521 1140 656 1220 proprios
678 1151 851 1222 purgantem
873 1142 977 1203 leniter
999 1162 1119 1224 ungnes,

373 1242 533 1310 ‘Demetri‘
556 1245 642 1328 (puer
664 1247 713 1309 hic
735 1267 796 1309 non
819 1247 903 1310 laeve
925 1249 1007 1311 iussa
1027 1249 1158 1330 Philippi

380 1349 568 1433 accipiebat),
585 1351 657 1428 ‘abi
682 1374 788 1435 quaere
811 1364 841 1415 et
862 1355 945 1429 refer,
968 1356 1047 1417 unde
1069 1358 1167 1432 domo,
1193 1357 1267 1439 quis,

381 1460 462 1521 cuius
484 1460 626 1535 fortunae,
651 1479 709 1541 quo
732 1460 772 1521 sit
792 1469 876 1540 patre
900 1480 995 1542 qnovc
1017 1459 1169 1542 patrono.³

379 1566 412 1641 it,
436 1565 512 1627 redit
533 1575 564 1627 et
585 1574 699 1627 namet:
722 1566 875 1628 Volteium
898 1567 1017 1629 nomine
1039 1569 1169 1644 Menam,

379 1690 562 1752 praeconem,
586 1673 668 1734 tenui
691 1692 789 1747 censu,
814 1672 879 1734 sine
901 1673 1031 1748 crimine,
1055 1683 1159 1736 notum

381 1788 410 1839 et
431 1798 586 1859 properare
609 1779 675 1841 loco
700 1788 729 1841 et
751 1799 875 1853 cessare,
900 1789 930 1840 et
952 1800 1090 1861 quaerere
1113 1782 1216 1856 etuti,

380 1887 553 1966 gaudentem
576 1884 734 1968 parvisque
757 1886 910 1949 sodalibus
933 1894 963 1947 et
985 1886 1046 1948 lare
1069 1895 1151 1949 curto

381 2001 411 2053 et
432 1992 510 2053 ludis
533 2001 563 2052 et
584 2000 652 2072 post
675 1993 774 2055 decisa
797 1993 916 2073 negotia
938 2012 1052 2072 campo.

350 2180 352 2184 ι
372 2097 487 2161 ‘scitari
511 2098 584 2161 libet
606 2119 643 2160 ex
666 2098 730 2179 ipso
756 2100 960 2180 quodcumque
982 2099 1087 2160 refers:
1110 2097 1158 2161 dic

381 2206 419 2268 od
442 2224 544 2267 cenam
567 2201 691 2267 veniat'
724 2224 785 2266 non
809 2225 880 2266 sane
903 2206 1018 2267 credere
1040 2207 1139 2281 Mena,

380 2311 480 2373 mirari
502 2331 601 2372 secum
622 2311 739 2373 tacitus.
775 2311 847 2393 quid
870 2311 981 2373 multe?
1002 2306 1150 2393 ‘benigne'

379 2418 545 2498 respondet.
575 2411 675 2497 ‘neget
696 2416 747 2478 ille
769 2414 874 2478 mihil‘
896 2410 999 2497 ‘negat
1020 2417 1170 2498 improbos
1193 2426 1224 2478 et
1244 2425 1275 2479 te

381 2523 508 2605 neglegit
529 2532 580 2586 aut
602 2516 719 2587 horret?
751 2523 904 2586 Volteium
926 2543 1013 2586 mane
1034 2523 1189 2605 Philippus

381 2631 454 2693 vilia
475 2631 650 2692 vendentem
672 2631 803 2693 tunicato
828 2639 926 2693 scruta
947 2630 1066 2710 popello

382 2747 506 2819 occupat
529 2745 558 2798 et
581 2737 694 2800 salvere
716 2737 798 2800 iubet
819 2737 907 2818 prior.
942 2736 994 2797 ille
1015 2737 1154 2817 Philippo

381 2863 521 2906 excusare
542 2844 673 2906 laborem
696 2853 726 2906 et
747 2843 949 2906 mercennaria
969 2841 1077 2918 vincla,

382 2952 460 3034 quod
482 2970 541 3012 non
564 2969 651 3012 manc
673 2951 792 3012 domum
814 2951 953 3022 venisset,
977 2949 1103 3030 denique
1127 2952 1206 3031 quod
1229 2970 1289 3012 non

381 3057 558 3138 providisset
581 3077 655 3118 eum.
685 3050 741 3118 ‘sic
763 3056 914 3136 ignovisse
936 3063 1039 3136 putato

381 3185 428 3226 me
449 3163 515 3238 tibi,
539 3163 565 3224 si
587 3181 675 3224 cenas
696 3163 785 3224 hodie
808 3159 946 3224 mecum?
972 3159 1019 3223 ‘ut
1044 3159 1140 3225 licet?
1167 3155 1249 3242 ‘ergo

381 3277 451 3351 post
472 3289 582 3331 nonam
604 3269 704 3331 venies
711 3288 720 3344 ;
744 3289 823 3330 nunc
845 3269 865 3343 i,
888 3288 950 3331 rem
973 3278 1109 3331 strenuus
1131 3266 1224 3350 ange?

381 3384 415 3438 ut
435 3384 556 3438 ventum
578 3376 616 3437 ad
638 3393 741 3437 cenam
763 3383 817 3450 est,
842 3374 967 3438 dicenda
987 3378 1113 3438 tacendo
1134 3376 1249 3437 locutus

382 3484 501 3544 tandem
524 3481 680 3544 dormitum
704 3479 869 3543 dimittitur.
904 3482 973 3544 hinc
995 3482 1047 3544 ubi
1069 3499 1157 3562 saepe

383 3588 529 3652 occultum
550 3587 632 3650 visus
655 3590 806 3650 decmrere
827 3587 917 3668 piscis
939 3589 978 3650 ad
1000 3588 1129 3662 hemum,

382 3715 468 3757 mane
491 3695 582 3756 cliens
606 3703 635 3755 et
656 3694 715 3756 iam
739 3702 834 3757 certus
856 3693 992 3769 conviva,
1015 3694 1131 3756 iubetur

382 3821 450 3864 rura
471 3801 639 3863 suburbana
661 3799 780 3862 indictis
803 3820 901 3862 comes
924 3799 967 3861 ire
988 3798 1115 3861 Latinis

383 3907 539 3989 impositus
561 3905 678 3968 mannis
701 3926 803 3968 arvum
827 3907 998 3987 caelumque
1020 3905 1166 3969 Sabinum

365 4149 449 4200 Vnam
466 4167 562 4202 nncrro.
598 4150 633 4200 58
652 4157 722 4201 curto
736 4149 880 4220 Oroqor'am‘
897 4150 946 4201 duo
965 4149 1056 4213 (selvo
1073 4155 1096 4202 et
1113 4146 1257 4216 Martiali),
1280 4148 1410 4202 Bentlaer'ur

295 4243 363 4288 certo
380 4239 472 4308 reliqui
488 4237 548 4290 libri
590 4267 599 4286 ·
620 4237 653 4290 73
671 4237 730 4288 hinc
748 4257 763 4301 ς
780 4237 822 4288 hic
834 4235 949 4308 BHng
967 4237 1024 4297 huc,
1043 4244 1110 4302 post,
1128 4245 1175 4298 ast,
1194 4245 1245 4298 ant,
1264 4253 1325 4301 orgo
1339 4237 1393 4289 alit.
