3209 5125
685 457 715 519 Q.
734 458 868 510 HORATI
885 458 1006 509 nalem

393 622 516 683 oderunt
537 621 660 682 hilarem
682 620 781 682 tristes
804 619 977 702 tristemque
999 620 1102 694 iocosi,

393 729 526 789 sedatum
549 728 666 801 celeres
691 726 797 807 agilem
821 746 1006 808 gnavumque
1028 726 1154 800 remissi,

392 843 510 914 potores
533 842 666 914 porrecta
689 843 844 914 negantem
866 833 981 914 pocula,
1008 833 1143 915 quamvis

393 949 552 1003 nocturnos
574 941 654 1002 iures
677 949 706 1002 te
729 940 886 1002 formidare
902 947 1027 1020 tepores.

394 1050 477 1109 deme
500 1046 654 1128 supercilio
679 1049 800 1110 nubem:
825 1047 996 1128 plerumque
1018 1048 1169 1108 modestus

395 1162 519 1235 occupat
541 1153 657 1216 obscuri
681 1152 816 1233 speciem,
840 1153 1003 1215 taciturnus
1025 1152 1132 1215 acerbi.

438 1368 518 1429 Inter
542 1376 646 1429 cuncta
669 1367 747 1447 leges
771 1375 800 1426 et
822 1368 1031 1446 percontabere
1053 1367 1167 1439 doctos,

395 1496 453 1557 qua
474 1475 588 1537 ratione
612 1493 702 1555 queas
724 1473 875 1535 traducere
898 1472 1003 1533 leniter
1025 1491 1146 1545 aevum;
1226 1452 1232 1467 ⁸

394 1582 531 1643 virtutem
554 1580 689 1643 doctrina
710 1587 794 1659 paret
816 1587 959 1639 naturane
982 1580 1087 1653 donet3

395 1687 465 1769 quid
487 1685 601 1748 minuat
624 1706 716 1760 ouras,
742 1685 812 1767 quid
834 1694 864 1746 te
888 1685 945 1748 tibi
966 1686 1070 1747 reddat
1091 1684 1228 1758 amioum,

395 1794 465 1876 quid
487 1813 558 1873 pure
581 1792 761 1874 tranquillet,
785 1792 882 1853 bonos
905 1800 956 1853 aut
978 1791 1062 1854 dulce
1085 1791 1222 1853 lucellum

394 1920 432 1962 an
456 1909 598 1963 secretum
621 1900 677 1960 iter
699 1908 728 1959 et
750 1898 880 1960 fallentis
903 1898 1010 1960 semita
1032 1897 1120 1959 vitae.
1198 1948 1202 1951 .

788 2270 895 2366 XlX
994 2275 997 2280 ’

438 2536 540 2601 Prisco
565 2536 590 2598 si
614 2536 717 2611 credis,
741 2537 899 2599 Maecenas
921 2537 1017 2609 docte,
1042 2535 1173 2609 Cratino,

397 2645 480 2707 nulla
501 2644 617 2724 placere
640 2644 689 2705 diu
713 2663 767 2705 neo
790 2643 890 2704 vivere
913 2642 1045 2704 carmina
1066 2650 1200 2722 possunt,

396 2771 470 2834 quae
493 2751 659 2812 scribuntur
680 2770 774 2831 aquae
797 2749 959 2830 potoribus.
998 2757 1032 2811 ut
1052 2748 1129 2810 male
1152 2767 1241 2810 sanos

396 2857 553 2938 adscripsit
575 2857 665 2919 Liber
690 2857 806 2937 Satyris
829 2856 998 2938 Faunisque
1021 2864 1141 2936 poetas3

395 2965 466 3026 vina
488 2965 547 3025 fere
570 2964 669 3025 dulces
693 2963 829 3024 oluerunt
850 2982 936 3024 mane
961 2963 1122 3036 Camenae3

394 3070 531 3134 laudibus
554 3070 683 3150 arguitur
706 3069 769 3132 viui
792 3070 913 3131 vinosus
936 3071 1098 3144 Homerus3

382 3177 508 3254 ,Ennius
532 3177 595 3257 ipse
617 3187 702 3257 pater
724 3196 884 3258 numquam
906 3176 965 3238 nisi
988 3185 1075 3256 potus
1098 3177 1137 3236 ad
1159 3194 1242 3237 arma

394 3284 532 3367 prosiluit
554 3284 687 3345 dicenda.
719 3282 827 3346 ‘forum
849 3284 1007 3366 putealque
1028 3284 1155 3346 Libonis

395 3393 542 3453 mandabo
566 3390 662 3465 siccis,
687 3390 816 3459 adimam
838 3399 958 3453 cantare
980 3387 1102 3452 severis'

394 3500 452 3560 hoc
475 3497 561 3559 simul
585 3497 672 3570 edixi,
697 3516 756 3558 nou
781 3516 930 3559 cessavere
952 3505 1059 3577 poetae

395 3614 537 3668 nocturno
561 3611 670 3666 certare
693 3623 782 3678 mero,
806 3613 907 3683 putere
930 3604 1044 3666 diurno.

286 3746 497 3756 ffl—

565 3809 651 3866 bibuli
671 3811 761 3866 media
778 3813 813 3867 dc
831 3816 912 3867 nocte
930 3811 1037 3866 Falerni

395 3900 512 3956 oderunt

395 4006 461 4045 num
478 3993 507 4043 te
525 4003 631 4057 semper
648 3987 728 4057 inops
746 3989 833 4057 agitet
851 3992 987 4056 vexetque
1005 3986 1113 4056 cupido,

394 4095 459 4133 num
477 4091 564 4148 pavor
582 4081 610 4131 et
628 4092 717 4132 rerum
735 4076 907 4131 mediocriter
925 4075 1031 4131 utilium
1050 4090 1114 4144 spes

355 4273 439 4324 Vnam
456 4288 553 4324 nucum.
590 4272 621 4323 31
643 4280 686 4322 aut
703 4270 816 4326 Keolriua
834 4289 866 4324 an
884 4270 952 4324 abra
