3209 5125
674 443 741 495 aas
759 444 915 496 ronrrcn.
1314 452 1355 514 63

349 605 463 667 Graeco
487 605 567 667 fonte
591 605 697 667 cedent
718 625 806 686 perce
830 607 953 687 detorta
989 605 1060 687 quid
1082 608 1201 669 autem?

350 710 478 773 Caecilio
501 711 667 793 Plautoque
689 712 773 773 dabit
794 712 949 773 Romanus
972 713 1142 792 ademptum

348 817 480 897 Vergilio
502 818 675 900 Varioque?
708 838 760 901 ego
785 840 845 893 cur,
869 818 1022 901 adquirere
1044 838 1138 898 panca

350 924 376 985 si
397 944 528 1004 possum,
553 924 706 993 invideor?
733 945 799 987 cum
822 925 923 1006 lingua
946 924 1069 987 Catonis
1092 933 1122 985 et
1143 924 1224 987 Enni

349 1050 512 1093 sermonem
535 1030 662 1111 patrium
685 1031 824 1093 ditaverit
846 1040 876 1093 et
898 1050 978 1093 nova
999 1050 1094 1092 rerum

349 1136 471 1199 nomina
492 1138 655 1218 protulerit.
690 1138 774 1200 licuit
797 1157 968 1219 semperque
991 1136 1094 1198 licebit

348 1244 495 1324 signatum
517 1253 670 1325 praesente
692 1253 764 1306 nota
786 1246 945 1324 procudere
968 1262 1127 1305 nummum.

348 1358 380 1411 ut
403 1350 496 1411 silvae
519 1350 599 1413 foliis
622 1350 722 1431 privos
746 1360 897 1413 mutantur
918 1350 951 1411 in
973 1369 1068 1411 annos

349 1452 459 1539 (prima
481 1452 615 1539 cadunt),
639 1457 682 1521 ita
704 1460 860 1520 verborum
882 1465 966 1519 vetus
989 1455 1090 1517 interit
1111 1464 1205 1529 aetas,

348 1571 377 1623 ct
399 1562 536 1625 iuvenum
558 1563 617 1625 ritu
640 1564 746 1625 florent
768 1566 857 1625 modo
881 1571 953 1625 nate
974 1562 1140 1644 vigentque.

347 1670 485 1732 debemur
507 1669 595 1731 morti
618 1690 673 1731 nos
695 1679 864 1752 nostraque.
897 1670 960 1732 sive
980 1677 1114 1748 receptus

347 1784 424 1838 terre
445 1777 601 1857 Neptunus
625 1777 734 1838 classes
757 1776 948 1859 aquilonibus
970 1785 1058 1848 arcet,

346 1882 456 1963 regium
480 1902 562 1963 opus,
587 1881 732 1945 sterilisve
754 1883 840 1962 palus
862 1883 913 1944 diu
936 1891 1064 1963 aptaque
1085 1880 1174 1943 remis

346 1989 460 2051 vicinas
483 1991 569 2052 urbes
591 1988 647 2050 elit
668 1998 697 2049 et
719 2008 808 2069 grave
830 1989 921 2050 sentit
943 1996 1089 2061 aratrum;

346 2114 398 2156 seu
420 2115 535 2157 cursum
559 2094 685 2157 mutavit
708 2094 841 2175 iniquum
863 2094 993 2174 frugibus
1016 2093 1112 2156 amnis

347 2202 450 2263 doctus
474 2201 529 2263 iter
551 2200 671 2263 molius:
695 2200 833 2262 mortalia
855 2201 933 2262 fecte
956 2200 1103 2280 peribunt,

347 2310 453 2371 nedum
477 2326 644 2369 sermonum
666 2314 726 2369 stet
747 2306 843 2368 honos
866 2316 896 2369 et
918 2306 1013 2387 gratia
1034 2306 1133 2367 vivax.

344 2415 438 2477 multa
459 2422 648 2476 renascentur
672 2432 747 2495 quac
769 2413 829 2475 iam
852 2413 991 2486 cecidere,
1015 2414 1178 2493 cadentque

346 2542 422 2604 quae
444 2540 521 2584 nunc
545 2528 614 2582 sunt
635 2519 667 2581 in
689 2520 802 2584 bonore
823 2518 978 2593 vocabula,
1003 2518 1029 2580 si
1052 2518 1134 2581 volet
1153 2538 1235 2594 usus,

347 2649 433 2710 quem
454 2647 545 2709 penes
567 2627 720 2690 arbitrium
743 2636 788 2688 est
811 2627 909 2689 etius
933 2635 962 2688 et
983 2646 1089 2688 norma
1110 2625 1259 2707 loquendi.

389 2842 504 2904 Natura
525 2841 607 2904 fieret
628 2839 777 2904 laudabile
801 2859 918 2901 cmmen
941 2859 980 2901 an
1003 2848 1074 2914 erte,

346 2947 547 3029 quaesitumst.
582 2966 635 3028 ego
658 2967 712 3008 nec
735 2946 865 3008 studium
888 2945 953 3007 sine
975 2946 1067 3007 divite
1090 2965 1175 3019 vena,

346 3073 399 3116 nec
421 3055 493 3116 rude
516 3053 586 3134 quid
608 3051 704 3132 possit
724 3052 811 3115 video
834 3052 998 3132 ingenium:
1022 3051 1142 3113 alterins
1165 3051 1208 3112 sic

346 3160 440 3234 altera
461 3159 559 3240 poscit
582 3179 667 3238 opem
689 3177 736 3220 res
759 3166 788 3220 et
811 3158 945 3220 coniurat
967 3157 1069 3220 amice.

347 3265 398 3348 qui
421 3267 519 3327 studet
540 3273 672 3345 optatam
695 3284 780 3326 cursu
804 3264 973 3345 contingere
995 3272 1113 3338 metam,

346 3372 439 3434 multa
460 3371 530 3433 tulit
551 3371 677 3453 fecitque
700 3391 784 3450 puer:
809 3369 927 3434 sudavit
948 3378 978 3431 et
1000 3370 1079 3444 alsit,

346 3477 490 3540 abstinuit
512 3495 617 3540 venere
640 3484 670 3538 et
691 3476 779 3551 vino;
805 3475 856 3558 qni
876 3476 987 3556 Pythia
1008 3483 1109 3537 cantat

344 3585 464 3659 tibicen,
489 3583 592 3646 didicit
614 3583 694 3663 prius
718 3583 912 3662 extimuitque
934 3581 1114 3661 magistrum.

345 3711 400 3753 nec
422 3690 495 3753 setis
518 3699 563 3752 est
585 3689 696 3752 dixisse
712 3683 778 3770 ‘ego
803 3688 877 3750 mira
899 3696 1038 3768 poemate
1060 3705 1172 3767 pango:

346 3804 468 3878 occupet
490 3804 652 3860 extremum
675 3795 798 3869 scabies,
823 3794 897 3856 mihi
918 3802 1003 3873 turpe
1024 3792 1151 3874 relinqui
1173 3799 1229 3865 est,

304 3969 387 4020 Verri
405 3986 501 4020 nucnro.
547 3967 581 4020 56
599 3971 738 4036 procudere
760 3969 821 4022 libri
844 3969 949 4039 quidam
967 3967 1089 4020 Lambini
1111 3967 1267 4034 aliorumque
1289 3981 1350 4030 pro·

234 4059 326 4108 ducere
340 4057 522 4110 ABEHSnu
610 4074 737 4107 nummum
754 4056 796 4108 Fr.
809 4055 934 4108 Lutetnue
956 4072 1048 4105 nomen
1065 4054 1126 4107 libri
1214 4053 1248 4103 57
1266 4053 1350 4119 privos

234 4147 364 4200 Bentler'ur
381 4161 474 4210 pronos
492 4143 552 4197 utre
628 4145 663 4198 62
680 4144 778 4210 regium
798 4143 978 4212 Peerlkampue
995 4143 1062 4208 regis
1080 4142 1141 4194 utre
1215 4141 1289 4206 palus
1307 4140 1351 4189 diu

234 4232 273 4284 M.
288 4231 415 4286 Gesnerue
433 4231 476 4282 diu
494 4231 566 4296 palus
584 4231 652 4284 libri.
