3209 5125
676 392 743 444 ΑΗΒ
761 391 918 444 ΡΟΕΤΙΟΔ.

351 554 465 614 cederet
488 562 539 615 aut
563 562 667 635 quarta
691 554 848 616 socialiter.
881 554 930 615 hic
953 563 983 615 et
1004 553 1036 615 in
1059 555 1136 618 Acci

351 659 499 720 nobilibus
522 660 661 722 trimetris
685 670 807 741 apparet
827 680 910 721 rarus
934 669 964 721 et
985 661 1065 722 Enni

351 765 382 825 iu
406 785 542 827 scaenam
565 767 673 829 missos
696 788 762 829 cum
785 786 892 847 magno
915 768 1045 847 pondere
1068 788 1171 830 versus

351 880 402 933 aut
425 892 530 951 operae
553 873 655 935 celeris
678 874 801 935 nimium
825 894 951 956 curaque
974 875 1102 935 carentis

350 987 402 1040 aut
423 978 573 1059 ignoratae
596 981 703 1061 premit
725 980 797 1042 artis
821 980 942 1041 crimine
964 980 1051 1060 tmpi.

352 1103 412 1146 nou
436 1086 532 1166 quivis
555 1087 636 1149 videt
658 1088 842 1149 inmodulata
865 1096 1004 1166 poemata
1027 1088 1125 1162 iudex,

353 1199 382 1252 et
404 1193 474 1254 data
496 1193 642 1255 Romanis
665 1195 752 1257 venia
775 1203 821 1255 est
842 1194 964 1274 indigna
985 1194 1092 1275 poetis,

351 1297 499 1359 idcircone
521 1319 609 1379 vager
631 1301 817 1383 scribamque
838 1301 979 1362 licenter?
1012 1321 1051 1363 an
1075 1300 1171 1362 omnis

352 1403 467 1465 visuros
490 1415 611 1486 peccata
633 1418 732 1487 putem
756 1409 842 1471 mea?
876 1417 956 1469 tutus
979 1416 1009 1467 et
1030 1406 1110 1468 intra

353 1530 436 1590 spem
458 1513 561 1574 veniae
586 1524 687 1577 cautus
711 1515 805 1578 vitavi
827 1515 954 1596 denique
977 1514 1103 1594 culpam,

353 1637 413 1708 non
436 1618 552 1681 laudem
575 1622 684 1683 merui:
708 1643 762 1684 vos
785 1621 966 1702 exemplaria
988 1620 1105 1683 Graeca

353 1732 497 1789 nocturna
519 1738 633 1791 versate
656 1749 754 1804 manu,
778 1737 893 1791 versate
916 1727 1029 1788 diurna.

353 1841 385 1893 at
407 1833 500 1895 vostri
523 1836 626 1914 proavi
648 1836 805 1897 Plautinos
828 1844 857 1897 et
880 1852 1016 1896 numeros
1040 1841 1070 1893 et

353 1939 509 2001 laudavere
532 1942 618 2017 sales,
642 1943 765 2004 nimium
788 1942 934 2022 patienter
955 1949 1119 2021 utrumque,

355 2065 392 2107 ne
415 2046 511 2108 dicam
535 2048 633 2122 stulte,
657 2048 764 2123 mirati,
789 2049 926 2110 simodo
950 2066 1004 2126 ego
1028 2055 1057 2107 et
1079 2065 1133 2107 vos

276 2228 279 2235 .
354 2153 463 2214 scimus
485 2154 661 2216 inurbanum
685 2156 782 2235 lepido
806 2174 947 2235 seponere
970 2153 1049 2214 dicto

354 2261 573 2343 legitimumque
596 2282 700 2323 sonum
724 2261 825 2341 digitis
848 2261 988 2323 callemus
1012 2268 1041 2320 ct
1063 2277 1141 2320 aure.

354 2366 443 2429 Grais
467 2367 625 2447 ingenium,
650 2368 739 2431 Grais
763 2368 844 2429 dedit
868 2388 917 2429 ore
939 2367 1065 2428 rotundo

355 2476 442 2535 Musa
464 2474 547 2556 loqui
568 2484 684 2556 praeter
706 2476 822 2536 laudem
845 2474 954 2536 nullius
977 2472 1084 2535 avaris,

354 2582 484 2644 Romani
507 2583 588 2662 pueri
612 2584 707 2664 longis
730 2583 895 2646 rationibus
918 2601 1015 2643 assem

355 2688 473 2751 discunt
495 2688 525 2749 in
548 2689 641 2768 partis
664 2699 781 2751 centum
804 2690 948 2752 diducere.
976 2685 1071 2749 ‘dicat

355 2795 432 2856 filius
455 2795 576 2857 Albini:
601 2795 626 2856 si
649 2797 686 2857 de
709 2796 873 2878 quincunce
895 2802 1008 2856 remota
1031 2803 1077 2855 est

355 2901 450 2975 uncia,
476 2901 547 2983 quid
569 2903 706 2982 superat?
739 2910 857 2982 poteras
879 2896 1016 2963 diuisae.³
1044 2894 1174 2962 ‘triens‘
1194 2891 1259 2961 ‘eut

355 3029 416 3071 rem
438 3008 548 3089 poteris
571 2999 799 3070 servare'tuam.
835 3009 911 3071 redit
932 3007 1029 3082 uncia,
1054 3007 1125 3089 quid
1147 3002 1221 3069 ficr’

350 3109 482 3178 ‘semis'
516 3134 564 3188 au,
588 3116 661 3177 haec
684 3115 799 3177 animos
822 3134 928 3195 aemgo
951 3123 982 3176 et
1004 3134 1074 3176 cura
1095 3113 1192 3194 peculi

357 3243 422 3285 cum
445 3221 535 3282 semel
557 3221 703 3297 imbuerit,
728 3242 879 3302 speramus
903 3221 1034 3284 carmina
1055 3221 1126 3302 fingi

357 3349 444 3411 posse
467 3329 587 3390 linenda
610 3330 695 3390 cedro
719 3338 748 3390 et
770 3329 829 3391 levi
852 3330 998 3390 servanda
1020 3328 1178 3408 cupresso?

399 3543 536 3622 Ignotum
557 3539 686 3620 tragicae
709 3560 799 3620 genus
822 3539 970 3601 invenisse
993 3559 1131 3601 camenae

357 3649 463 3713 dicitur
485 3657 515 3709 et
536 3647 675 3729 plaustris
698 3647 815 3708 vexisse
837 3654 977 3726 poemata
999 3645 1125 3726 Thespis

359 3756 409 3838 qui
432 3763 570 3817 canerent
592 3762 767 3836 agerentque
789 3752 922 3834 pemncti
945 3752 1075 3814 faecibus
1098 3770 1159 3814 ora,

357 3863 524 3943 posthunc
547 3881 689 3941 personae
711 3861 866 3942 pallaeque
889 3868 1019 3940 repertor
1040 3859 1182 3920 honestae

358 3969 525 4050 Aeschylus
549 3978 578 4030 et
600 3969 723 4031 modicis
746 3966 886 4029 instravit
908 3965 1023 4046 pulpita
1044 3965 1134 4046 tignis

316 4197 400 4247 Vama
413 4211 509 4246 unorro.
546 4195 597 4245 315
617 4195 659 4260 qui
678 4195 807 4248 Bentleius
825 4210 889 4259 quae
907 4193 974 4246 ubre
