3209 5125
396 716 467 769 45

401 1889 471 1941 55

401 2424 471 2476 60

407 2954 475 3007 65

1280 433 1341 494 Q.
1377 432 1643 484 HORATI
1687 433 1928 484 FLAGCI

755 593 1069 665 Quaeritur
1111 603 1413 675 argentum
1458 593 1770 676 puerisque
1812 596 1991 657 beata
2035 596 2301 659 creandis

664 722 832 777 uxor,
883 710 942 762 et
986 701 1243 763 incultae
1287 710 1633 782 perarantur
1675 721 1910 763 vomere
1956 703 2159 765 silvae.

663 827 785 869 non
831 809 1041 869 domus
1088 816 1147 868 et
1190 807 1422 882 funduS‚
1471 827 1592 869 non
1638 808 1789 869 aeris
1834 828 2074 871 acervus
2121 818 2180 871 et
2221 810 2349 872 auri

667 923 903 994 aegroto
933 913 1177 975 domini
1222 913 1467 975 deduxit
1511 933 1754 994 corpore
1798 915 2007 989 febreS,

666 1041 787 1082 non
831 1020 1028 1081 animo
1077 1040 1272 1081 curas:
1335 1021 1531 1083 valeat
1573 1040 1883 1101 possessor
1928 1030 2175 1101 oportet,

668 1129 718 1189 si
765 1126 1147 1207 comportatis
1191 1130 1364 1189 rebus
1408 1129 1561 1189 bene
1605 1127 1827 1208 cogitat
1870 1128 1974 1188 uti.

670 1234 770 1316 qui
817 1234 978 1314 cupit
1021 1243 1124 1295 aut
1167 1234 1393 1309 metuit,
1443 1234 1609 1295 iuvat
1652 1233 1818 1296 illum
1865 1234 1951 1295 sic
1997 1235 2205 1296 domus
2252 1244 2310 1296 et
2353 1255 2445 1296 res

665 1350 731 1402 ut
776 1340 1001 1421 lippum
1046 1340 1240 1421 pictae
1286 1340 1543 1415 tabulae,
1592 1341 1856 1402 fomenta
1899 1342 2240 1421 podagrum,

666 1447 955 1509 auriculas
1000 1447 1259 1510 citharae
1304 1447 1554 1509 collecta
1599 1448 1771 1509 sorde
1817 1447 2101 1509 dolentes,

670 1554 958 1616 sincerum
1005 1563 1094 1615 est
1137 1554 1255 1615 nisi
1301 1574 1426 1628 vaS‚
1475 1556 1884 1635 quodcumque
1928 1554 2189 1616 infundis
2234 1555 2469 1618 acescit.

758 1768 984 1847 Sperne
1030 1767 1395 1848 uoluptates:
1444 1777 1620 1829 nocet
1665 1777 1863 1848 empta
1907 1767 2110 1829 dolore
2155 1769 2447 1849 voluptas.

667 1894 896 1955 semper
939 1894 1152 1936 avarus
1198 1883 1357 1955 eget:
1406 1883 1628 1937 certum
1674 1883 1814 1936 voto
1860 1884 1995 1955 pete
2038 1876 2231 1937 finem.

669 1982 896 2044 invidia
941 1980 1130 2046 Siculi
1175 1998 1297 2042 non
1343 1982 1619 2044 invenere
1662 1981 1898 2063 tyranni

666 2090 856 2151 maius
902 2097 1274 2150 tormentum.
1347 2088 1446 2170 qui
1494 2108 1615 2149 non
1661 2087 2058 2151 moderabitur
2101 2088 2239 2163 irae,

667 2196 946 2258 infectum
993 2195 1154 2257 volet
1201 2215 1329 2257 esse
1374 2195 1544 2258 dolor
1591 2197 1750 2277 quod
1796 2195 2045 2257 suaserit
2089 2204 2147 2257 et
2191 2214 2375 2270 mena

667 2305 807 2366 dum
851 2322 1074 2382 poenas
1121 2303 1256 2365 odio
1303 2322 1408 2383 per
1451 2303 1573 2365 vim
1618 2302 1861 2364 festinat
1904 2301 2110 2364 inulto.

668 2410 758 2472 ira
801 2410 959 2471 furor
1003 2410 1200 2472 brevis
1248 2419 1363 2471 est:
1409 2409 1672 2471 animum
1718 2428 1881 2489 rege3
1930 2410 2031 2490 qui
2076 2408 2191 2470 nisi
2236 2419 2420 2489 paret,

665 2517 945 2597 imperat3
994 2516 1149 2578 hunc
1196 2516 1393 2592 freniS,
1441 2517 1596 2579 hunc
1642 2525 1707 2579 tu
1753 2535 2059 2597 compesce
2104 2525 2328 2579 catena.

666 2625 834 2705 fingit
879 2644 1090 2705 equum
1135 2633 1339 2685 tenera
1383 2623 1636 2685 docilem
1681 2624 1907 2686 cervice
1951 2624 2229 2704 magister

670 2732 754 2793 ire
800 2731 959 2792 w’am
1007 2750 1124 2812 qua
1166 2740 1453 2792 monstret
1498 2750 1693 2813 eques,
1762 2730 2084 2807 venaticUS,
2132 2749 2206 2793 ex
2254 2751 2367 2813 quo

670 2848 932 2919 tempore
977 2837 1271 2899 cervinam
1316 2838 1527 2917 pellem
1572 2836 1857 2899 laceravit
1898 2837 1962 2897 in
2008 2839 2161 2913 aula,

671 2945 891 3007 militat
936 2944 997 3005 in
1047 2944 1214 3006 silvis
1261 2946 1505 3006 catulus,
1577 2965 1733 3006 nunc
1778 2943 1994 3006 adhibe
2037 2965 2183 3025 puro

673 3061 906 3133 pectore
950 3054 1147 3125 verba,
1193 3071 1353 3132 puer,
1402 3071 1556 3114 nunc
1601 3061 1661 3113 te
1707 3051 2045 3114 melioribus
2091 3053 2259 3114 offer:

675 3180 789 3241 quo
837 3159 1016 3219 semel
1062 3168 1151 3219 est
1195 3157 1422 3220 imbuta
1465 3178 1667 3220 recens
1714 3158 1972 3221 servabit
2017 3161 2256 3222 odorem

673 3275 829 3327 testa
873 3265 990 3327 diu.
1058 3266 1214 3347 quod
1261 3265 1312 3326 si
1359 3285 1554 3326 cessas
1599 3275 1704 3326 aut
1749 3275 2017 3328 strenuus
2062 3267 2271 3342 anteiS‚

676 3393 782 3434 nec
826 3374 1057 3434 tardum
1105 3372 1374 3452 opperior
1419 3390 1526 3432 nec
1569 3372 2054 3452 praecedentibus
2098 3372 2273 3434 inst0.

675 3615 822 3683 quod
859 3615 995 3670 satis
1032 3621 1118 3671 est
1153 3603 1246 3670 cui'
1278 3615 1546 3684 contingit
1581 3616 1657 3670 nil
1693 3618 1939 3694 amplius·
1960 3621 2129 3685 optet.

675 3703 892 3758 invidus
930 3705 1152 3759 alterius
1189 3704 1478 3759 macrescit
1510 3703 1676 3759 rebus
1712 3705 1924 3772 opimis.

2738 723 2796 763 45

2738 828 2795 866 47

2741 1149 2798 1188 50

2745 1789 2801 1829 55

2744 1999 2801 2038 58

2746 2216 2802 2255 60

2748 2749 2805 2788 65

2752 3281 2807 3319 70

2750 3632 2808 3671 46

2752 3724 2807 3764 57

653 3937 681 3977 'a'
705 3953 805 3981 mm
853 3952 1039 3987 ι.εῑ.ςτιο.
1122 3936 1190 3986 45
1227 3945 1525 4001 perarantur
1558 3935 1832 3989 Nodellius
1876 3942 2115 4001 parantur
2150 3934 2307 3988 codex
2348 3952 2477 3988 unus
2515 3933 2735 3988 Obbarii

509 4039 677 4085 [ιηυνιμι
693 4041 745 4069 ην
785 4049 797 4073 e.
813 4033 937 4073 tisri
969 4023 1101 4076 libri.
1245 4024 1314 4074 64
1349 4024 1591 4074 lacerauit
1617 4024 1745 4076 Feae
1767 4022 2069 4092 Reqinensis
2094 4042 2205 4076 cum
2231 4025 2315 4076 all.
2338 4023 2542 4075 latrauit
2566 4029 2732 4076 celeri.
