3209 5125
567 452 812 505 nptsuvunavnt
829 452 893 504 ΜΒ.
906 452 926 505 1.
940 450 965 504 7.

339 612 410 673 Non
434 632 491 694 quo
515 631 595 674 more
617 613 698 695 pyris
720 614 800 676 vesci
825 613 952 677 Calaber
973 614 1055 676 iubet
1076 616 1185 695 hospes

296 727 330 779 tn
351 738 398 780 me
420 717 516 781 fecisti
540 719 722 799 locupletem.
751 714 882 783 ‘vescere
904 718 1022 782 sodes’.

290 819 363 887 ‘iam
385 825 458 887 satis
481 822 551 887 est’
577 823 623 887 ‘at
644 835 677 887 tu
700 835 843 907 quantum
865 824 912 889 vis
934 823 1032 889 tolle.³
1059 820 1215 909 ‘benigna’

289 925 364 993 ‘non
385 932 483 995 invisa
505 933 579 994 feres
601 932 699 1012 pueris
721 932 895 995 munuscula
916 928 1033 1013 parvis?

290 1032 364 1099 ‘tam
386 1046 489 1101 teneor
511 1040 590 1101 dono
614 1058 702 1121 quarn
724 1039 751 1101 si
773 1039 906 1101 dimittar
927 1037 1069 1101 onustus?

292 1139 337 1205 ‘ut
358 1144 440 1219 libet,
463 1144 537 1207 haec
559 1145 657 1225 porcis
679 1145 768 1207 hodie
790 1146 972 1208 comedenda
991 1143 1160 1227 relinques?

296 1251 436 1333 prodigus
459 1260 489 1313 et
511 1250 618 1313 stultus
640 1253 734 1314 donat
757 1271 832 1334 quae
854 1251 967 1331 spernit
989 1259 1019 1313 et
1041 1251 1120 1314 odit:

296 1356 370 1421 haec
391 1377 475 1439 seges
497 1358 629 1439 ingratos
651 1356 720 1421 tulit
742 1367 772 1419 et
794 1359 868 1420 feret
889 1358 1026 1421 omnibns
1048 1358 1145 1421 aunis.

297 1463 460 1527 virbonus
483 1473 513 1527 st
535 1463 654 1544 sapiens
676 1464 774 1545 dignis
796 1465 840 1526 ait
862 1484 927 1525 esse
949 1473 1079 1545 paratus,

298 1589 352 1632 nec
373 1579 473 1633 tamen
495 1571 612 1651 ignorat
635 1571 705 1653 quid
728 1570 840 1632 distent
861 1590 930 1633 aera
952 1570 1070 1650 lupinis.

298 1676 418 1756 dignum
440 1678 596 1757 praestabo
620 1697 667 1739 me
689 1676 778 1739 etiam
800 1697 853 1757 pro
877 1678 963 1740 lande
984 1676 1132 1739 merentis.

298 1783 425 1863 quodsi
448 1803 495 1845 me
517 1784 601 1845 noles
623 1804 748 1865 usquam
771 1784 929 1858 discedere,
953 1784 1058 1845 reddes

297 1889 371 1950 forte
394 1888 480 1963 latus,
505 1890 603 1971 nigros
625 1898 752 1970 angusta
773 1891 870 1952 doute
891 1889 1026 1969 capillos,

297 1996 401 2057 reddes
425 1994 509 2057 dulce
532 1996 623 2077 loqui,
647 1997 751 2057 reddes
773 1996 868 2057 ridere
890 1997 1029 2058 decorum
1051 2005 1081 2057 et

297 2101 374 2163 inter
395 2100 467 2163 vina
489 2101 587 2181 fingam
611 2100 737 2165 Cinarae
758 2122 888 2164 maerere
909 2110 1071 2181 protervae.

342 2314 432 2375 Forte
453 2332 506 2393 per
527 2322 681 2393 angustam
703 2314 800 2376 tenuis
822 2313 955 2375 nitedula
975 2314 1081 2375 rimam

297 2428 427 2499 repserat
449 2418 481 2481 in
504 2438 650 2481 cumeram
672 2420 819 2494 immenti,
841 2428 985 2501 pastaque
1006 2438 1107 2481 rursus

298 2525 339 2589 ire
361 2526 439 2589 foras
462 2525 550 2606 pleno
573 2527 713 2590 tendebat
736 2546 857 2607 corpore
880 2527 994 2590 trustra

299 2633 346 2695 cui
368 2633 494 2695 mustela
515 2634 618 2714 procul
634 2627 673 2695 ‘si
695 2626 757 2695 vis'
779 2633 823 2695 ait
838 2631 977 2714 ‘effugere
998 2633 1097 2707 istinc,

298 2759 397 2802 macra
418 2759 522 2802 cavum
543 2749 657 2820 repetes
679 2747 783 2814 artum,
810 2759 896 2821 quem
918 2759 1018 2802 macra
1038 2734 1167 2801 subisti.²

298 2846 353 2908 hac
377 2866 429 2928 ego
453 2847 479 2908 si
501 2846 662 2926 compellor
683 2845 820 2926 imagine,
844 2855 951 2909 cuncta
971 2846 1097 2926 resigno.

299 2971 353 3014 nec
375 2972 511 3016 somnum
532 2952 628 3034 plebis
650 2952 739 3016 laudo
763 2961 845 3015 satur
866 2952 993 3015 altilium
1015 2973 1070 3015 nec

299 3058 361 3120 otia
382 3058 495 3122 divitiis
518 3058 652 3122 Arabum
675 3058 825 3121 liberrima
846 3067 937 3121 muto.

299 3183 386 3245 saepe
407 3167 604 3228 verecundum
625 3164 763 3239 laudasti
786 3185 897 3248 rexque
918 3174 1059 3247 paterque

299 3271 408 3333 audisti
430 3289 530 3335 coram
551 3291 606 3333 nec
628 3272 718 3334 verbo
741 3271 858 3351 parcius
880 3274 1007 3335 absens:
1137 3259 1144 3268 ”

299 3375 412 3457 inspius
434 3376 461 3441 si
483 3395 603 3457 possum
626 3379 737 3440 donata
757 3396 898 3458 reponere
921 3377 1025 3440 laetus.

299 3483 378 3546 haud
400 3483 477 3546 male
500 3483 701 3558 Telemachus,
724 3483 822 3562 proles
843 3483 985 3563 patientis
1007 3483 1100 3558 Ulixi,

291 3587 366 3652 ‘non
389 3599 434 3652 est
456 3599 542 3671 aptus
565 3589 648 3672 equis
669 3590 771 3652 Ithace
792 3591 885 3663 locus,
909 3598 943 3652 ut
964 3608 1059 3670 neque
1080 3589 1179 3670 planis

298 3705 447 3776 porrectus
470 3696 574 3777 spatiis
597 3715 652 3762 nec
674 3696 784 3759 mulae
805 3694 945 3776 prodigus
967 3696 1091 3758 herbae:

298 3802 414 3876 Atride,
437 3803 531 3883 magis
553 3811 624 3882 apta
645 3803 701 3866 tibi
724 3811 776 3864 tua
798 3804 878 3865 dona
898 3798 1083 3882 relinquam'

298 3927 421 3988 parvum
443 3928 536 3989 parra
557 3910 675 3972 decent:
699 3908 773 3972 milri
795 3908 856 3971 iam
878 3928 938 3971 non
959 3908 1041 3988 regia
1062 3907 1170 3981 Roma,

298 4015 351 4075 sed
372 4033 497 4076 vacuum
519 4015 612 4078 Tibur
633 4016 731 4096 placet
752 4024 805 4077 aut
826 4015 936 4077 inbelle
959 4015 1126 4077 Tarentum.

280 4239 364 4293 vasu
382 4253 479 4290 sucuro
515 4239 549 4290 29
567 4239 681 4292 nitedula
699 4241 829 4294 Beallstue
846 4238 979 4306 uulpeeula
996 4239 1064 4293 tetri.
