3209 5125
705 462 735 523 Q.
754 461 888 512 HORATI
905 462 1026 513 rusco!

396 633 498 686 cautus
522 624 600 686 enim
623 623 727 686 metuit
750 623 866 685 foveam
889 624 976 704 lupns
999 624 1196 708 accipiterque

396 740 549 812 suspectos
572 732 694 813 laqueos
718 739 748 791 et
771 739 904 811 opertum
926 731 1034 793 miluus
1056 732 1185 796 hamum.

395 838 446 920 qui
468 838 572 900 melior
594 857 687 912 servo,
712 837 763 919 qui
785 836 906 899 liberior
927 837 967 899 sit
989 857 1104 913 avarus,

315 966 318 971 ¹
395 944 427 1005 in
449 944 545 1005 triviis
567 945 658 1006 fixum
681 964 747 1006 oum
770 962 802 1004 se
825 943 954 1005 demittit
977 947 1145 1020 obessem,

395 1068 456 1111 non
478 1050 574 1114 video.
610 1070 679 1113 nam
702 1050 753 1132 qui
776 1048 883 1130 cupiet,
905 1058 1017 1112 metuet
1039 1069 1172 1134 quoque;
1194 1072 1282 1134 porro

397 1157 447 1238 qui
469 1166 602 1219 metuens
624 1157 714 1233 vivet,
738 1157 813 1219 liber
835 1155 908 1219 mibi
931 1176 991 1219 non
1014 1158 1070 1220 erit
1090 1178 1239 1241 nmquam.

395 1263 524 1344 perdidit
545 1284 635 1338 arma,
658 1264 756 1327 locum
778 1263 896 1325 virtutis
918 1263 1047 1326 desernit
1069 1264 1120 1347 qui

396 1390 510 1451 semper
531 1370 563 1431 in
586 1372 719 1450 augenda
741 1370 863 1432 festinat
884 1378 915 1433 et
937 1371 1070 1433 obruitur
1089 1390 1129 1433 re.

395 1478 521 1539 vendere
543 1497 609 1539 cum
630 1477 728 1557 possis
752 1476 910 1558 captivum,
934 1477 1066 1540 occidere
1088 1478 1167 1554 noli;

396 1584 504 1646 serviet
525 1584 651 1645 utiliter:
675 1584 740 1647 sine
761 1592 867 1665 pascat
889 1585 978 1646 durus
1001 1593 1130 1667 aretque,

396 1691 515 1773 naviget
536 1712 571 1753 ac
593 1691 698 1753 mediis
719 1692 830 1753 hiemet
850 1699 996 1753 mercator
1016 1690 1049 1751 in
1071 1690 1168 1766 undis,

395 1818 532 1863 annonas
553 1799 656 1880 prosit,
679 1806 777 1880 portet
798 1798 944 1860 frumenta
965 1816 1124 1879 penusque.

395 1906 560 1969 virbonus
583 1913 613 1967 et
635 1904 753 1985 sapiens
775 1905 897 1967 audebit
919 1905 1015 1967 dicere
1030 1902 1188 1981 ‘Penthea

395 2022 492 2075 rector
513 2014 690 2087 Thebarum,
715 2012 786 2093 quid
809 2032 857 2074 me
878 2013 1003 2093 perferre
1025 2012 1146 2095 patique

394 2120 548 2201 indignum
572 2119 680 2200 coges?
694 2116 837 2182 ‘adimam
859 2117 958 2183 bona'
985 2117 1104 2200 ‘nempe
1125 2138 1214 2200 pecus
1236 2138 1297 2181 rem

396 2228 488 2289 lectos
510 2235 676 2307 argentum:
700 2226 790 2288 tollas
813 2221 901 2288 licet?
931 2220 977 2287 ‘in
998 2225 1125 2288 manicis
1147 2234 1177 2287 et

396 2333 587 2415 compedibus
610 2352 698 2395 saevo
722 2342 751 2395 te
774 2335 829 2395 sub
852 2334 973 2394 custode
994 2329 1125 2395 tenebo?

390 2436 466 2523 ‘ipse
488 2442 570 2515 deus,
594 2440 681 2501 simul
704 2448 793 2523 atque
815 2440 926 2515 volam,
952 2460 1000 2502 me
1023 2436 1142 2502 solvet.³
1175 2439 1290 2520 opinor,

394 2549 452 2612 hoc
475 2548 578 2611 sentit:
596 2542 740 2610 ‘moriar’.
775 2567 854 2610 mors
876 2546 983 2610 ultima
1003 2547 1083 2610 linea
1105 2567 1201 2609 rernm
1223 2555 1276 2610 est.

441 2763 492 2824 Mo
515 2762 650 2844 quotiens
672 2761 765 2824 reficit
787 2761 900 2841 gelidus
922 2761 1063 2842 Digentia
1083 2762 1174 2836 rivus,

398 2889 483 2952 quern
506 2869 647 2932 Mendela
668 2868 754 2944 bibit,
778 2887 901 2949 rugosus
923 2869 1029 2950 bigote
1050 2888 1152 2949 pagus,

397 2976 469 3058 quid
490 2977 599 3039 sentire
620 2976 728 3056 putas?
751 2975 823 3057 quid
846 2975 950 3049 medis,
973 2975 1076 3051 amice,
1099 2975 1232 3056 precari?

397 3083 437 3145 sit
459 3084 532 3146 mihi
555 3085 634 3166 quod
657 3102 734 3144 nunc
758 3091 812 3157 est,
836 3083 926 3144 etiam
947 3081 1054 3157 minus,
1078 3092 1108 3144 et
1131 3082 1203 3145 mibi
1227 3084 1326 3146 vivam

397 3192 476 3274 quod
499 3198 630 3272 superest
652 3189 727 3265 aevi,
751 3189 850 3271 siquid
873 3207 1024 3270 superesse
1046 3189 1152 3252 volunt
1172 3191 1220 3266 di;

397 3298 438 3360 sit
458 3300 538 3360 bona
559 3297 702 3360 librorum
724 3306 754 3358 et
775 3296 912 3377 provisae
933 3297 1024 3377 frugis
1047 3297 1079 3358 in
1101 3317 1212 3359 annum

397 3405 492 3486 copia,
515 3425 573 3466 neu
595 3403 706 3466 fluitem
729 3403 837 3465 dubiae
859 3423 912 3483 spe
933 3404 1078 3484 pendulus
1100 3405 1198 3466 horae.

398 3513 449 3574 sed
472 3511 545 3573 satis
568 3520 614 3572 est
636 3530 718 3572 orare
739 3511 842 3572 Iovem
864 3530 940 3593 qnae
961 3511 1047 3592 ponit
1069 3518 1098 3571 et
1120 3511 1228 3572 aufert:

397 3620 447 3681 det
469 3617 571 3694 vitam,
596 3619 646 3680 det
669 3637 755 3698 opes;
779 3638 905 3700 aequum
926 3619 968 3680 mi
990 3617 1122 3680 animum
1144 3617 1208 3697 ipse
1225 3620 1351 3697 parabo.

397 3845 526 3900 damnum
546 3849 596 3914 est,
616 3860 669 3899 non
689 3842 803 3914 facinus,
823 3843 888 3898 mibi
905 3849 987 3913 pacto
1004 3843 1093 3897 lenius
1109 3844 1172 3897 isto.
