3209 5125
555 465 800 517 misrrumum
818 466 881 518 LIB.
894 468 914 517 Ι.
929 468 970 519 15.

317 627 411 690 maior
433 635 529 689 utrum
553 628 693 709 populum
715 628 854 691 immenti
876 630 963 710 copia
984 641 1103 710 pascat3

319 734 497 795 collectosne
519 735 624 797 bibant
646 736 755 797 imbres
777 744 920 816 puteosne
942 737 1080 817 perennis

317 839 392 920 iugis
415 860 509 921 aquae
533 839 617 923 (nam
640 842 711 903 vina
733 840 808 903 nibil
830 860 930 903 moror
950 842 1031 905 illius
1054 864 1132 907 orae.

316 966 381 1008 rure
403 966 468 1009 meo
491 967 612 1028 possum
635 947 761 1029 quodvis
783 948 909 1028 perterre
930 950 1066 1032 patique:

317 1054 355 1116 ad
377 1073 458 1115 mare
481 1074 546 1116 cum
569 1054 646 1130 veni,
670 1074 843 1135 generosum
865 1063 896 1116 et
917 1055 984 1117 lene
1004 1058 1131 1140 requiro,

317 1161 396 1241 quod
419 1180 503 1222 curas
525 1160 634 1241 abigat,
659 1163 737 1243 quod
760 1181 826 1225 cum
849 1181 901 1242 spe
924 1162 1016 1225 divite
1037 1175 1138 1229 manet

317 1266 349 1327 in
371 1286 462 1328 venas
485 1267 673 1351 animumque
695 1288 801 1343 meum,
826 1270 905 1351 quod
927 1273 1019 1333 verba
1039 1272 1196 1351 ministret,

317 1375 398 1454 quod
419 1393 466 1435 me
488 1374 627 1437 Lucanae
649 1374 785 1437 iuvenem
809 1378 995 1439 commendet
1016 1376 1160 1463 amicae);

315 1487 426 1541 tractus
449 1490 513 1543 uter
534 1482 626 1562 pluris
648 1483 773 1563 lepores,
797 1491 862 1545 uter
879 1484 984 1545 educet
1004 1505 1108 1565 apros3

315 1596 382 1649 utra
403 1588 497 1669 magis
519 1588 615 1669 pisces
639 1597 668 1650 et
690 1588 812 1651 echinos
834 1610 963 1672 aequora
984 1591 1089 1667 celent,

315 1694 432 1775 pinguis
455 1703 487 1757 ut
509 1696 578 1757 inde
600 1697 720 1758 domum
741 1695 855 1777 possim
876 1696 1056 1779 Phaeaxque
1075 1701 1192 1776 reverti,

315 1801 441 1864 scribere
462 1811 492 1864 te
515 1803 611 1878 nobis,
634 1803 691 1865 tibi
714 1822 769 1865 nos
791 1804 943 1865 accredere
963 1823 1019 1884 par
1039 1814 1093 1867 est.

358 2014 504 2089 Maenius,
528 2024 561 2078 ut
583 2017 669 2077 rebus
692 2016 833 2077 maternis
855 2025 944 2097 atque
965 2018 1096 2097 paternis

313 2120 427 2183 fortiter
449 2122 613 2201 absumptis
636 2125 765 2185 urbanus
788 2122 886 2202 coepit
910 2123 1023 2199 haberi,

315 2219 414 2290 scurra
435 2248 536 2309 vagus,
560 2248 621 2291 uon
645 2228 695 2310 qui
718 2237 829 2291 certum
850 2248 1008 2310 praesaepe
1029 2239 1151 2309 teneret,

314 2334 471 2415 inpransus
493 2354 554 2397 non
578 2335 628 2417 qui
651 2336 745 2397 civem
767 2334 951 2416 dignosceret
972 2337 1068 2413 hoste,

314 2442 462 2523 quaelibet
484 2442 516 2503 in
539 2443 672 2525 quemvis
696 2443 855 2524 opprobria
876 2444 995 2506 hindere
1018 2466 1132 2521 saevus,

312 2548 361 2612 hic
384 2550 435 2612 ubi
457 2549 606 2632 nequitiae
628 2550 791 2613 fautoribus
814 2559 845 2612 et
865 2550 979 2614 timidis
1001 2553 1045 2615 nil

313 2665 364 2719 aut
386 2657 516 2736 paullum
539 2658 709 2732 abstulerat,
732 2657 851 2738 patinas
875 2661 1001 2722 cenabat
1023 2661 1128 2738 omasi,

313 2763 382 2825 vilis
405 2772 434 2825 et
456 2763 581 2844 agninae
603 2765 698 2828 tribus
720 2763 796 2826 ursis
820 2766 900 2846 qnod
922 2766 997 2828 satis
1019 2777 1113 2844 esset3

312 2869 426 2932 scilicet
446 2879 479 2932 ut
502 2880 617 2932 ventres
640 2872 741 2934 lamna
763 2873 907 2934 candente
928 2884 1069 2955 nepotum

313 2978 421 3039 diceret
443 2980 568 3041 urendos
591 2986 736 3042 corrector
757 2977 886 3041 Bestius.
920 2979 999 3042 idem

312 3084 409 3166 siquid
432 3094 495 3146 erat
515 3092 641 3147 nanctus
663 3087 789 3164 praedae
811 3085 942 3161 maioris,
965 3088 1017 3151 ubi
1039 3109 1127 3151 omne

311 3199 437 3252 verterat
459 3192 491 3252 in
513 3193 623 3254 fumum
647 3200 677 3253 et
698 3192 834 3267 cinerem,
851 3187 925 3254 ‘non
948 3195 1064 3258 hercula
1085 3193 1190 3259 miror'

311 3297 418 3373 aiebat7
437 3292 477 3368 ‘si
500 3297 550 3380 qui
573 3300 731 3360 comedunt
753 3301 842 3374 bona,
862 3319 928 3362 cum
950 3302 991 3364 sit
1013 3305 1103 3365 obeso

311 3403 354 3466 nil
376 3405 481 3467 melius
503 3407 599 3480 turdo,
623 3404 667 3466 nil
688 3406 778 3468 volva
800 3407 949 3487 pulchrius
972 3405 1097 3489 ampla’

309 3510 341 3571 ni
364 3510 468 3573 mirum
491 3511 540 3573 hic
563 3532 615 3593 ego
639 3532 712 3575 sum.
744 3532 813 3574 uam
834 3522 900 3575 tuta
921 3524 952 3576 et
972 3516 1097 3595 parvula
1119 3517 1217 3592 laudo,

307 3676 442 3744 pernicies
460 3681 488 3730 et
505 3681 655 3746 tempestas
672 3675 885 3746 barathrumque
904 3679 1019 3748 macelli,

309 3763 441 3833 quidquid
459 3766 622 3835 quaesierat,
641 3765 730 3820 ventri
748 3765 864 3820 donarat
881 3781 973 3822 avaro.
1327 3735 1354 3775 Μ

269 3914 354 3966 Vnam
366 3932 462 3968 aromo.
493 3915 524 3968 17
535 3917 674 3982 ᾳιιοάιιίες,
686 3914 853 3972 NHeinsiur
865 3918 963 3984 quiduis
976 3919 1036 3973 utri
1045 3922 1160 3992 plerique
1208 3921 1314 3974 30fun·

199 4001 259 4052 clere
272 4001 433 4057 Schraderua
445 4005 541 4071 lingere
554 4006 614 4058 libri
671 4006 705 4056 35
719 4015 844 4057 corrector
855 4005 944 4060 Pario.
956 4007 1020 4079 1209.
1034 4008 1104 4060 8213
1116 4009 1173 4062 m.1
1183 4027 1314 4080 mpraecr.

199 4109 227 4155 ς,
247 4089 396 4146 Lambinus.
426 4101 551 4144 correctus
568 4091 695 4147 BHsna
714 4104 843 4160 correptus
860 4095 955 4150 Bona.
972 4116 1044 4161 unua,
1060 4117 1096 4169 μς
1114 4098 1174 4165 (secl
1189 4107 1248 4170 inp
1266 4118 1283 4166 p
1301 4118 1315 4153 e

199 4195 265 4230 corr.
278 4187 392 4249 quamvis
405 4182 524 4252 antiquo)
595 4183 630 4232 36
648 4183 730 4248 siquid
744 4182 874 4238 Torrentii
889 4185 951 4237 corr
968 4187 1080 4258 quidum,
1099 4186 1229 4240 Bentleius
1243 4188 1313 4253 quic·

199 4266 258 4330 qua
277 4267 328 4334 (va
344 4268 465 4334 quidquid
483 4275 511 4322 us
524 4255 557 4341 ρ’)
576 4277 653 4326 euers
669 4270 736 4324 osa
