3209 5125
659 495 689 555 Q.
708 494 841 545 HORA'PI
858 494 979 544 FLACCI

327 667 450 720 nauseat
472 678 507 719 ac
530 658 669 737 locuples,
695 676 781 739 quern
804 658 885 718 ducit
906 658 991 737 priva
1012 656 1159 717 triremis?

327 766 353 826 si
376 774 492 825 curatus
516 764 664 845 inaequali
687 772 807 824 tonsore
830 764 954 842 capillos

328 890 457 944 occurro,
480 869 574 944 rides3
599 869 626 931 si
648 869 722 931 forte
745 869 887 930 subucula
908 888 1003 949 pexae

327 978 397 1039 trita
419 979 520 1038 subest
542 975 659 1037 tunicae
682 974 731 1037 vel
753 974 779 1035 si
801 984 872 1055 toga
894 975 1018 1036 dissidet
1040 975 1143 1056 impar,

217 1136 224 1152 ,
327 1085 419 1146 rides:
445 1083 524 1164 quid,
548 1102 614 1144 mea
637 1100 702 1143 cum
725 1091 837 1161 pugnat
860 1081 1007 1143 sententia
1029 1102 1136 1159 aecum,

329 1192 408 1273 quod
431 1188 516 1270 petiit
539 1188 659 1269 spernit,
682 1189 789 1267 repetit
812 1189 891 1270 quod
913 1208 1005 1269 nuper
1028 1191 1138 1265 omisit,

327 1304 442 1358 aestuat
464 1305 493 1357 et
516 1292 595 1357 vitae
617 1294 803 1356 disconvenit
826 1295 928 1356 ordine
950 1279 1024 1372 toto,

329 1403 418 1465 diruit
439 1402 582 1476 aedificat,
606 1408 701 1462 mutat
724 1402 867 1482 quadrata
888 1403 1041 1464 rotundis?

329 1510 458 1571 insanire
479 1517 566 1589 putes
590 1507 745 1569 sollemnia
766 1528 814 1569 me
836 1527 931 1589 neque
952 1508 1039 1583 rides,

328 1636 382 1678 nec
405 1612 510 1677 medici
533 1614 627 1676 credis
650 1634 704 1675 neo
727 1613 869 1675 curatoris
892 1633 974 1693 egere

329 1742 347 1784 a
369 1730 502 1803 praetore
525 1721 597 1794 dati,
621 1740 716 1782 rerum
738 1719 831 1781 tutela
852 1739 982 1782 mearum

329 1849 395 1891 cum
418 1828 460 1890 sis
483 1835 513 1888 et
534 1846 624 1907 prave
647 1834 758 1887 sectum
781 1826 973 1888 stomacheris
997 1828 1035 1889 ob
1058 1846 1183 1907 unguem

330 1938 366 1997 de
388 1944 418 1995 te
440 1932 606 2014 pendentis,
630 1942 660 1994 te
682 1931 867 2013 respicientis
889 1926 993 1994 amici?

373 2147 425 2209 Ad
448 2164 602 2220 summam,
626 2144 745 2225 sapiens
767 2165 827 2207 uno
850 2144 948 2207 minor
971 2154 1016 2205 est
1037 2145 1118 2220 Iove,
1142 2145 1234 2220 dives,

329 2254 413 2328 liber,
436 2254 608 2327 honoratus,
631 2251 760 2332 pulcher,
785 2270 837 2313 rex
860 2252 987 2333 denique
1008 2270 1117 2332 regum,

330 2360 485 2441 praecipue
507 2376 606 2433 sanus,
631 2356 690 2417 nisi
714 2378 779 2420 cum
802 2358 911 2438 pituita
932 2358 1058 2420 molesta
1080 2366 1133 2420 est.

811 2731 845 2826 ll

376 2996 496 3060 Troiani
519 2995 591 3059 belli
613 2995 794 3076 scriptorem,
818 2997 950 3058 Maxime
972 2996 1063 3071 Lolli,

333 3106 402 3167 dum
424 3112 456 3165 tu
480 3103 628 3164 declamas
650 3103 774 3176 Romae,
797 3103 957 3164 Praeneste
979 3104 1068 3185 relegi
1075 3123 1084 3179 ;

334 3210 384 3292 qui
408 3209 477 3291 quid
501 3209 541 3270 sit
562 3209 724 3289 pulchrum,
749 3209 819 3290 quid
842 3218 935 3290 turpe,
960 3210 1031 3291 quid
1053 3210 1134 3285 utile,
1159 3211 1230 3293 quid
1252 3229 1321 3284 non,

332 3317 450 3398 planius
472 3336 507 3378 ae
530 3316 634 3377 melius
659 3316 823 3398 Chrysippo
848 3326 878 3377 et
901 3317 1043 3379 Crantore
1065 3317 1146 3380 dicit.

334 3443 384 3486 cur
407 3423 450 3484 ita
473 3421 653 3498 crediderim,
677 3422 735 3484 nisi
759 3422 830 3505 quid
851 3432 882 3484 te
904 3424 1025 3500 detinet,
1047 3424 1125 3486 audi.

377 3635 501 3711 Fabula,
527 3655 585 3718 qua
606 3635 722 3696 Paridis
745 3644 865 3716 propter
887 3644 1020 3698 narratur
1042 3653 1171 3698 amorem

333 3742 461 3806 Graecia
482 3742 643 3804 Barbariae
666 3743 745 3803 lento
770 3742 875 3804 collisa
896 3743 1004 3818 duello,

334 3850 489 3912 stultorum
510 3868 610 3929 regum
634 3858 663 3910 et
684 3849 860 3929 populomm
882 3849 1014 3911 continet
1035 3858 1142 3911 aestus.

334 3957 471 4019 Antenor
493 3965 593 4018 censet
614 3955 685 4018 belli
708 3956 874 4035 praecidere
896 3975 1031 4016 eausam:

335 4064 414 4145 quod
436 4062 530 4136 Paris,
554 4071 588 4124 ut
610 4063 709 4124 salvus
732 4071 840 4142 regnet
854 4062 994 4143 vivatque
1015 4065 1129 4136 beatus,

334 4170 399 4250 cogi
422 4189 510 4249 posse
533 4178 628 4248 negat.
662 4169 772 4230 Nestor
794 4187 969 4248 componere
991 4167 1058 4229 lites

334 4276 410 4346 inter
431 4274 554 4338 Peliden
577 4275 698 4339 festinat
720 4284 749 4338 et
771 4275 848 4336 inter
868 4274 1011 4340 Atriden:
