3209 5125
525 414 530 425 ’
570 450 815 503 0101111011
833 450 977 503 110111.

325 613 458 675 versibus
481 612 602 673 alternis
626 613 784 693 opprobria
806 614 916 674 rustica
938 614 1021 688 fudit,

326 719 504 800 libertasque
527 728 706 781 recurrentes
729 729 851 800 accepta
873 740 924 800 per
945 740 1040 781 annos

325 826 396 887 lusit
418 825 592 901 amabiliter,
617 828 711 889 donec
734 826 793 889 iam
817 846 922 888 saevus
944 835 1076 907 apertam

326 933 357 993 in
379 932 491 995 rabiem
514 933 612 1013 coepit
634 933 708 994 verti
731 932 814 995 iocus
837 943 867 995 et
888 953 940 1013 per
962 934 1102 996 honestas

326 1038 367 1099 ire
390 1041 495 1101 domos
517 1039 627 1119 inpune
650 1039 760 1101 minax.
795 1041 914 1102 doluere
937 1050 1056 1103 omento

224 1198 228 1205 .
325 1147 412 1207 dente
434 1146 580 1221 lacessiti3
604 1146 659 1208 fuit
681 1146 800 1209 intactis
825 1167 941 1229 quoqne
963 1168 1033 1210 cura

326 1252 499 1315 condicione
522 1273 609 1333 super
631 1254 795 1327 communi3
821 1254 891 1335 quin
915 1254 1004 1317 etiam
1026 1253 1076 1315 lex

325 1378 479 1441 poenaque
500 1360 571 1434 lata,
595 1360 673 1422 malo
698 1380 772 1442 quae
794 1360 888 1422 nollet
910 1360 1039 1423 carmine
1061 1379 1240 1441 quemquam

325 1466 466 1529 describi:
490 1476 602 1528 vertere
624 1467 753 1540 modum,
776 1466 933 1529 formidine
955 1468 1041 1529 fustis

326 1575 364 1636 ad
386 1576 461 1635 bene
484 1574 639 1635 dicendum
662 1573 924 1655 delectandumque
946 1573 1067 1636 redacti.

370 1785 497 1849 Graecia
520 1795 607 1866 capta
629 1787 719 1847 ferum
743 1786 885 1850 victorem
907 1788 986 1867 cepit
1008 1798 1038 1848 et
1059 1796 1137 1849 artes

324 1892 425 1954 intulit
446 1892 554 1973 agresti
576 1892 679 1955 Latio:
704 1892 747 1955 sic
768 1894 904 1956 horridus
926 1894 977 1956 ille

325 2000 448 2063 defluxit
470 2019 607 2061 numems
631 1998 797 2073 Saturnius,
822 2009 853 2061 et
873 2020 961 2080 grave
983 2000 1064 2061 virus

323 2106 485 2169 munditiae
507 2106 658 2185 pepulere:
681 2107 734 2167 sed
757 2106 788 2167 in
812 2107 932 2186 longum
954 2116 1053 2168 tamen
1076 2126 1182 2169 aevum

323 2220 495 2274 manserunt
516 2202 662 2293 hodieque
684 2223 806 2276 manent
827 2213 952 2294 vestigia
972 2213 1057 2275 ruris.

324 2340 404 2381 sems
428 2319 506 2381 enim
529 2318 652 2381 Graecis
675 2320 810 2383 admovit
829 2320 968 2383 acumina
990 2319 1109 2393 chartis,

325 2435 354 2487 et
375 2435 444 2506 post
464 2425 578 2488 Punica
600 2426 679 2488 bella
703 2426 818 2508 quietus
842 2446 980 2509 quaerere
1002 2426 1108 2507 coepit,

324 2532 394 2616 quid
418 2532 582 2614 Sophocles
605 2541 635 2594 et
657 2533 782 2614 Thespis
805 2542 835 2596 et
857 2533 1024 2616 Aeschylus
1046 2533 1119 2596 utile
1141 2534 1257 2596 ferrent.

322 2640 478 2720 temptavit
502 2661 617 2722 quoque
639 2661 700 2703 rem
723 2642 749 2703 si
772 2642 859 2722 digne
882 2651 994 2703 vertere
1017 2650 1125 2721 posset,

323 2755 352 2808 et
374 2748 485 2827 placuit
507 2748 565 2810 sibi
587 2756 693 2810 natura
715 2748 849 2812 sublimis
872 2757 903 2809 et
924 2768 1003 2810 acer:
1106 2777 1120 2782 ··

323 2873 392 2915 nam
415 2854 508 2934 spirat
530 2855 671 2936 tragicum
695 2855 768 2917 satis
791 2864 821 2916 et
843 2855 965 2916 feliciter
987 2857 1092 2928 audet;

323 2962 375 3022 sed
397 2968 511 3041 turpem
533 2971 618 3041 putat
640 2962 744 3025 inscite
768 2961 929 3042 metuitque
952 2961 1077 3022 lituram.

369 3173 512 3247 Creditur,
537 3193 574 3234 ex
597 3174 693 3236 medio
718 3174 788 3256 quia
809 3194 856 3236 res
878 3174 1010 3247 arcessit,
1033 3174 1140 3235 babere

324 3279 437 3341 sudoris
459 3279 623 3354 minimum,
647 3281 699 3340 sed
721 3281 812 3343 habet
834 3280 987 3343 comoedia
1008 3288 1091 3343 tanto

323 3386 389 3466 plus
412 3385 508 3447 oneris
533 3395 642 3467 quanto
667 3386 770 3449 veniae
792 3387 898 3449 minus.
933 3387 1042 3468 aspice,
1065 3387 1188 3449 Plautus

324 3513 381 3575 quo
405 3503 492 3574 pacto
515 3501 613 3574 partes
636 3500 745 3556 tutettu·
767 3494 895 3556 amantis
917 3495 1032 3574 ephebi,

322 3608 355 3661 ut
377 3599 469 3681 patris
491 3599 607 3673 attenti,
631 3599 746 3662 lenonis
769 3610 803 3662 ut
823 3600 970 3674 insidiosi,

324 3716 450 3788 quantus
473 3707 513 3768 sit
534 3708 708 3768 Dossennus
731 3707 870 3769 edacibus
894 3707 925 3768 in
948 3706 1094 3785 parasitis,

323 3833 410 3894 quam
433 3832 494 3875 non
516 3812 637 3875 astricto
660 3823 810 3893 percurrat
830 3813 945 3893 pulpita
967 3833 1063 3875 socco.

322 3919 411 3999 gestit
432 3919 510 3981 enim
534 3939 683 3983 nummum
705 3920 737 3982 in
760 3920 874 3984 loculos
897 3919 1058 3993 demittere,
1082 3920 1229 3999 posthoc

323 4045 440 4088 scamus
463 4027 550 4089 cadat
571 4046 610 4088 an
632 4036 711 4089 recto
735 4037 795 4089 stet
816 4028 916 4092 sabula
938 4028 1009 4088 talo.

323 4151 409 4215 quem
431 4132 500 4194 tulit
521 4135 560 4196 ad
583 4153 720 4196 scaenam
742 4142 866 4196 ventoso
889 4133 997 4197 Gloria
1019 4153 1103 4195 curm

322 4238 472 4300 exanimat
494 4238 590 4301 lentus
613 4249 769 4320 spectator,
794 4240 912 4302 sedulus
934 4240 1019 4302 inflat
