3209 5125
580 424 827 475 mrsnvtsuvm
845 424 942 476 Lml.
958 425 998 476 14.

743 691 849 787 XIV

364 904 462 968 Vilice
485 905 626 967 silvarum
649 913 679 966 et
700 904 774 967 mihi
796 924 844 966 me
865 904 1015 967 reddentis
1040 906 1138 987 agelli,

322 1030 408 1093 quem
430 1019 463 1073 tu
486 1010 602 1075 fastidis
625 1011 791 1074 habitatum
815 1010 944 1094 quinque
966 1012 1041 1074 focis
1064 1020 1094 1074 et

321 1117 449 1199 quinque
471 1121 567 1181 bonos
590 1118 710 1181 solitum
732 1118 856 1181 Variam
878 1118 1025 1180 dimittere
1046 1128 1153 1200 patres,

321 1232 471 1300 certemus,
496 1225 597 1304 spinas
620 1224 759 1287 animone
781 1245 835 1306 ego
857 1225 962 1287 fortius
984 1245 1025 1288 an
1045 1235 1078 1287 tu

321 1331 431 1393 evellas
454 1350 533 1412 agro,
558 1339 588 1393 et
610 1330 715 1393 melior
737 1332 777 1393 sit
798 1332 943 1394 Horatius
964 1352 1003 1394 an
1025 1352 1081 1395 res.

320 1545 400 1607 Rure
423 1547 484 1625 ego‘
500 1545 657 1620 viventem,
681 1554 714 1607 tu
737 1545 812 1607 dicis
834 1545 867 1606 in
889 1547 961 1607 mbo
982 1549 1116 1608 beatum:

321 1652 368 1714 cui
390 1651 488 1732 placet
510 1654 639 1727 alterius,
667 1672 721 1714 sua
744 1652 881 1714 nimirum
904 1662 950 1714 est
971 1653 1040 1715 odio
1063 1674 1135 1716 sors.

321 1760 427 1821 stultus
450 1768 571 1841 uterque
593 1760 691 1822 iocum
713 1758 883 1821 inmeritum
904 1780 1059 1823 causamur
1078 1762 1195 1844 inique:

320 1866 351 1928 in
375 1866 462 1946 culpa
484 1875 529 1928 est
551 1867 677 1941 animus,
702 1866 752 1947 qui
775 1885 807 1927 se
830 1886 891 1928 non
914 1868 1014 1948 effugit
1035 1888 1184 1951 nmquam.

321 1993 407 2048 nunc,
432 1992 494 2053 ago,
520 1974 592 2055 quid
614 1981 746 2035 nostrum
770 1981 945 2035 concentum
968 1974 1083 2038 dividat
1104 1977 1183 2039 audi.

320 2089 353 2141 tu
375 2079 569 2142 mediastinus
591 2080 684 2142 tacita
704 2097 790 2158 prece
813 2099 881 2141 rora
902 2082 1033 2159 petebas,

321 2208 399 2251 nunc
421 2189 523 2249 urbem
546 2194 576 2247 et
597 2187 683 2249 ludos
706 2195 736 2248 et
757 2186 875 2249 balnea
888 2186 994 2249 vilicos
1017 2197 1118 2268 optas3

319 2315 366 2357 mo
389 2303 524 2357 constare
546 2292 621 2356 mibi
643 2292 701 2355 scis
724 2302 754 2354 et
777 2294 926 2356 discedere
948 2293 1072 2370 tristem,

321 2404 563 2485 quandocumque
585 2401 706 2462 trabunt
727 2398 827 2463 invisa
848 2401 968 2481 negotia
988 2401 1125 2464 Romam.

320 2529 381 2572 non
404 2510 506 2572 eodem
528 2506 683 2570 miramur:
708 2526 743 2570 eo
767 2506 954 2570 disconvenit
975 2508 1054 2571 inter

320 2636 425 2697 meque
443 2625 477 2676 et
498 2624 536 2677 te.
571 2634 640 2677 uam
664 2634 739 2697 quae
761 2615 878 2677 deserta
900 2624 930 2677 et
951 2615 1103 2697 inhospita
1124 2626 1229 2697 tesqua

320 2724 424 2798 credis,
448 2741 573 2785 amoena
594 2731 682 2786 vocat
703 2741 819 2785 mecum
842 2722 894 2803 qui
915 2723 1014 2797 sentit,
1038 2732 1069 2785 et
1090 2724 1155 2785 odit

321 2851 395 2912 quse
417 2839 450 2892 tu
472 2830 595 2910 pulchra
616 2839 712 2911 putas.
747 2830 846 2893 fornix
867 2829 925 2891 tibi
947 2838 977 2890 et
997 2837 1088 2892 uncta
1109 2829 1220 2911 popina

321 2936 468 2999 incutiunt
489 2938 570 2999 urbis
593 2937 779 3011 desiderium,
803 2935 900 3010 video,
924 2945 954 2996 et
976 2937 1056 3017 quod

320 3044 443 3125 angulus
466 3043 522 3128 iste
544 3043 617 3104 feret
638 3043 722 3123 piper
744 3051 845 3104 attus
867 3043 950 3105 ocius
971 3063 1039 3117 uva,

319 3170 373 3212 nec
395 3149 495 3212 vicina
517 3152 618 3212 subest
639 3150 741 3211 vinum
763 3152 904 3230 praebere
924 3151 1049 3211 taberna

315 3247 396 3340 quae
417 3257 514 3337 possit
534 3256 600 3330 tibi,
623 3275 679 3318 neo
700 3257 838 3318 meretrix
859 3255 993 3330 tibicina,
1017 3257 1101 3318 ouius

320 3366 358 3426 ad
381 3363 535 3444 strepitum
558 3362 648 3425 salias
670 3372 765 3425 terrae
787 3362 899 3444 gravis:
923 3370 1075 3425 ettamen
1096 3384 1201 3445 urgues

319 3471 379 3532 iam
401 3469 514 3550 pridem
537 3489 598 3531 non
620 3477 701 3532 tacta
723 3470 872 3550 ligonibus
894 3489 966 3532 arva
987 3472 1152 3552 bovemque

320 3577 497 3639 disiunctum
521 3596 605 3638 curas
629 3584 658 3638 et
681 3577 791 3639 strictis
814 3576 967 3639 frondibus
990 3577 1107 3657 exples3

320 3682 403 3746 addit
426 3702 499 3764 opus
521 3683 604 3764 pigro
626 3682 716 3758 rivus,
746 3683 772 3745 si
795 3682 905 3745 decidit
925 3682 1027 3758 imber,

321 3791 415 3853 multa
436 3789 514 3852 mole
538 3791 687 3853 docendus
709 3790 810 3871 aprico
833 3809 952 3869 parcere
973 3797 1068 3869 prato.

320 3917 367 3958 nro
390 3897 525 3979 quamvis
547 3898 670 3960 Lamiae
692 3898 788 3978 pistas
811 3906 842 3958 et
863 3917 933 3959 cura
954 3903 1084 3958 moratur

321 4005 438 4068 fratrem
461 4005 627 4080 maerentis,
650 4014 735 4085 rapto
759 4006 795 4066 de
818 3998 906 4065 fratr'e
928 4003 1056 4066 dolentis

301 4231 386 4283 Vnam
398 4247 494 4284 sucuro.
531 4231 548 4281 8
567 4247 697 4283 causamur
715 4231 888 4285 Doederlr'aur
906 4238 1022 4283 causatur
1038 4230 1106 4298 (ibri.
