3209 5125
628 382 658 444 Q.
677 382 809 434 HORATI
827 384 948 435 runem

297 556 326 609 et
348 546 449 608 docuit
470 566 666 627 magnumque
689 546 770 629 loqui
793 546 908 628 nitique
930 548 1083 609 cothurno.

297 654 438 715 successit
461 661 545 715 vetus
567 652 615 713 his
638 653 799 727 comoedia,
823 672 884 714 non
907 654 971 714 sine
992 655 1087 717 multa

297 761 398 835 laude;
424 759 530 820 sedin
553 758 658 839 vitium
682 760 802 821 libertas
826 760 946 835 excidit,
971 768 1000 821 et
1022 760 1083 821 vim

296 868 415 947 dignam
438 865 501 945 iege
523 864 597 944 regi:
623 865 672 926 lex
694 876 739 928 est
761 875 892 946 accepta,
917 866 1080 948 chorusque

296 972 420 1052 turpiter
443 971 567 1033 obticuit
590 971 706 1034 sublato
730 972 792 1033 iure
815 974 949 1035 nocendi.

297 1079 339 1140 nil
363 1079 569 1157 intemptatum
592 1079 685 1139 nostri
708 1080 819 1161 liquere
840 1089 956 1159 poetae,

298 1204 352 1245 nec
375 1184 528 1245 minimum
551 1204 680 1246 meruere
703 1186 791 1246 decus
816 1185 941 1265 vestigia
963 1185 1078 1247 Graeca

297 1291 362 1353 ausi
385 1292 516 1352 deserere
539 1300 569 1351 et
592 1290 737 1352 celebrare
760 1292 924 1353 domestica
945 1292 1025 1354 facta

298 1398 345 1458 vel
370 1398 419 1478 qui
442 1406 610 1478 praetextas
633 1397 680 1458 vel
704 1398 754 1479 qui
777 1399 901 1460 docuere
923 1406 1049 1478 togatas.

297 1524 350 1565 nec
373 1504 481 1565 m'rtutc
503 1506 578 1565 foret
601 1504 725 1566 clarisve
748 1505 898 1584 potentius
920 1504 1011 1565 armis

299 1630 386 1693 quam
409 1610 510 1690 lingua
531 1611 661 1685 Latium,
686 1610 711 1671 si
735 1630 794 1671 non
819 1612 978 1673 offenderet
998 1630 1089 1673 unum

298 1737 441 1799 quemque
463 1727 618 1798 poetarum
640 1717 729 1779 limae
753 1718 838 1779 labor
860 1727 890 1777 et
912 1737 1003 1779 mora.
1037 1737 1136 1793 vos,o

297 1824 462 1904 Pompilius
486 1823 614 1904 sanguis,
639 1843 756 1885 carmen
778 1824 990 1903 reprehendite,
1016 1825 1094 1905 quod
1117 1843 1177 1885 non

298 1931 391 1992 multa
413 1930 476 1991 dies
499 1940 529 1991 ct
551 1931 644 1991 multa
665 1930 754 1991 litura
777 1930 908 1993 coercuit
929 1939 1018 2013 atque

300 2046 481 2117 praesectum
505 2037 622 2099 deciens
646 2056 706 2097 non
730 2036 887 2117 castigavit
909 2038 948 2098 ad
970 2056 1104 2118 unguem.

345 2250 423 2313 Sunt
445 2249 553 2312 delicta
575 2259 684 2323 tamen,
708 2250 815 2331 quibus
837 2250 987 2329 ignovisse
1008 2249 1141 2311 velimus.

301 2375 368 2417 nam
393 2376 487 2438 neque
511 2357 621 2417 chorda
644 2376 748 2418 sonum
767 2357 864 2417 reddit
880 2376 966 2438 quern
981 2356 1045 2417 volt
1059 2375 1165 2418 manus
1180 2364 1210 2417 et
1224 2376 1307 2418 mens

301 2463 491 2544 poscentique
514 2482 631 2543 gravem
655 2482 793 2542 persaepe
816 2463 939 2523 remittit
960 2465 1088 2537 acutum,

301 2590 355 2632 nec
378 2589 492 2650 semper
515 2571 597 2631 feriet
620 2571 824 2652 quodcumque
847 2571 1007 2633 minabitur
1028 2590 1123 2632 arcus.

301 2695 402 2738 verum
425 2677 476 2738 ubi
499 2677 584 2756 plura
606 2677 702 2738 nitent
724 2677 754 2736 in
779 2677 917 2752 carmine,
941 2697 1002 2739 non
1025 2697 1078 2758 ego
1102 2677 1203 2758 paucis

301 2784 432 2844 offendar
454 2784 587 2858 maculis
612 2804 686 2866 quas
709 2793 760 2845 aut
782 2783 897 2846 incuria
918 2784 993 2845 fudit

301 2899 352 2952 ant
373 2891 503 2951 humana
525 2909 628 2969 parum
651 2891 730 2951 cavit
752 2898 865 2952 natura.
901 2891 971 2973 quid
995 2890 1111 2970 ergost?

301 3005 334 3058 ut
357 2996 481 3076 scriptor
504 2996 530 3057 si
553 3006 655 3075 peccat
677 2997 755 3058 idem
778 2996 915 3059 librarius
937 3017 1040 3078 nsque,

303 3102 437 3184 quamvis
461 3110 506 3163 est
528 3103 667 3177 monitus,
692 3103 779 3164 venia
802 3112 897 3177 caret;
921 3112 954 3164 ut
975 3103 1159 3164 citharoedus

301 3209 419 3284 ridetur,
445 3210 555 3270 chorda
578 3209 629 3290 qui
652 3229 765 3289 semper
788 3212 905 3271 oberrat
928 3211 1045 3272 eadem:

302 3315 345 3378 sic
368 3316 440 3378 mihi
465 3316 514 3396 qui
537 3316 661 3377 multmn
685 3324 789 3391 cessat,
813 3317 846 3377 fit
869 3316 1023 3378 Choerilus
1045 3315 1105 3390 ille,

303 3443 389 3504 quem
412 3422 458 3484 bis
482 3432 562 3485 terve
584 3425 695 3484 bonurn
718 3443 783 3484 cum
806 3423 867 3484 risu
890 3423 988 3484 miror.
1023 3431 1055 3484 at
1078 3421 1156 3483 idem

301 3529 435 3610 indigner
458 3532 633 3612 quandoque
656 3532 752 3591 bonus
775 3530 916 3591 dormitat
937 3529 1105 3590 Homerus?

303 3633 419 3717 [verum
444 3637 525 3717 operi
548 3637 636 3716 longo
660 3637 704 3697 fas
727 3645 773 3697 cst
786 3624 934 3716 ¹obrepere
957 3632 1117 3716 somnum].

302 3752 336 3805 ut
357 3743 472 3823 pictura
493 3743 609 3823 poesis:
638 3743 693 3804 crit
716 3764 799 3824 quae,
824 3744 850 3804 si
872 3742 992 3823 propius
1014 3751 1084 3817 stes,

302 3860 332 3912 te
355 3849 453 3930 capiat
476 3843 631 3929 magis'et
654 3851 808 3930 quaedam,
833 3849 859 3909 si
881 3849 997 3928 longius
1020 3851 1129 3910 abstes.

303 3957 376 4018 haec
398 3965 480 4018 amat
503 3958 667 4031 obscurum,
692 3957 772 4017 volet
794 3955 867 4016 haec
890 3957 944 4017 sub
968 3955 1032 4016 luce
1055 3954 1157 4029 rideri,

307 4113 390 4162 Vnam
403 4128 499 4162 nnorro.
537 4112 589 4162 344
608 4120 634 4162 at
652 4111 677 4163 R
694 4120 720 4161 et
737 4112 797 4164 libri
864 4111 917 4163 345
934 4111 1051 4177 indigner
1067 4113 1168 4180 placere
1184 4126 1260 4180 pocae
1276 4115 1354 4179 sensit
1403 4124 1408 4128 ’

235 4200 408 4254 Doederlr'nos
425 4200 542 4267 indignor
559 4200 626 4254 liora
