3209 5125
699 472 729 533 Q.
747 472 881 524 HORATI
898 474 1019 526 FLACCI

410 652 475 695 cum
498 654 544 695 res
568 634 715 709 deficiunt,
739 636 814 697 satis
836 635 914 698 iuter
934 636 1008 699 rilie
1029 638 1129 714 fortis3

409 760 509 802 vemm
531 740 583 802 ubi
607 741 677 822 quid
699 742 806 804 melius
829 744 975 824 contingit
997 753 1027 805 et
1048 747 1175 822 unctius,
1201 748 1280 811 idem

409 866 463 908 vos
486 867 588 927 sapere
610 855 640 909 et
662 848 743 910 solos
766 849 815 911 uio
837 851 913 911 bene
934 850 1042 926 vivere,
1067 872 1189 934 quorum

409 954 590 1033 conspicitur
612 954 715 1017 nitidis
738 955 862 1019 strndutu
883 957 1009 1037 pecunia
1029 957 1119 1021 villis.

807 1183 913 1283 XVl

452 1378 500 1441 Ne
522 1381 711 1460 perconteris,
736 1382 843 1443 fundus
865 1400 958 1459 meus,
983 1385 1094 1465 optime
1110 1384 1240 1462 Quincti,

409 1505 479 1548 urvo
502 1494 606 1566 puscet
629 1478 708 1549 erum
731 1508 771 1551 un
794 1489 878 1552 bacis
901 1491 1053 1570 opulentet
1075 1492 1180 1568 olivae,

408 1593 543 1673 pomisne
565 1611 604 1655 en
626 1594 719 1674 pratis
742 1614 781 1657 en
804 1596 914 1658 amicte
935 1597 1047 1660 vitibus
1068 1600 1159 1674 ulmo,

409 1699 552 1762 scribetur
573 1700 629 1763 tibi
651 1700 746 1763 forme,
768 1702 932 1785 loquaciter
953 1713 984 1765 et
1005 1704 1080 1767 situs
1102 1706 1172 1785 agri.

455 1912 597 1975 Continui
619 1922 744 1989 montes
768 1916 800 1976 ni
822 1916 1017 1978 dissocientur
1039 1937 1133 1998 opaca

407 2020 494 2096 velle,
519 2023 571 2083 sed
593 2030 627 2083 ut
648 2021 770 2083 veniens
793 2024 928 2085 dextrum
950 2024 1028 2085 letus
1050 2026 1176 2105 aspiciet
1198 2025 1262 2101 Sol,

407 2126 524 2190 laevum
546 2130 690 2191 decedens
714 2146 797 2191 curru
819 2130 948 2210 fugiente
965 2142 1095 2212 vaporet.

407 2234 577 2316 temperiem
600 2235 711 2297 leudes.
748 2235 840 2317 quid‘l
862 2236 888 2298 si
910 2237 1074 2301 rubicunde
1095 2240 1216 2320 benigni

407 2362 496 2404 corna
519 2360 622 2423 vepres
646 2350 675 2404 et
696 2359 791 2422 pruna
812 2342 917 2425 ferent,
941 2345 968 2405 si
991 2364 1114 2427 quercus
1137 2356 1167 2408 et
1188 2347 1249 2409 ilex

406 2450 500 2511 multe
528 2450 609 2529 fruge
637 2467 741 2529 pecus,
770 2450 864 2512 multa
889 2450 1042 2513 dominum
1070 2452 1151 2514 iuvet
1177 2456 1294 2516 umbre:

406 2556 488 2619 dicas
512 2558 670 2619 adductum
692 2557 814 2639 propius
836 2557 970 2620 frondere
992 2561 1161 2622 Tarentum.

405 2664 472 2726 fons
495 2663 585 2726 etiam
607 2664 670 2726 rivo
695 2666 765 2726 dere
786 2683 895 2727 nomen
917 2666 1051 2742 idoneus,
1074 2676 1108 2729 ut
1129 2687 1183 2729 nec

404 2770 536 2851 frigidior
558 2771 703 2834 Threcum
725 2791 780 2834 uec
802 2772 902 2853 purior
923 2773 1037 2835 ambiat
1057 2774 1185 2848 Hebrus,

405 2877 520 2939 infirmo
544 2877 636 2956 capiti
658 2879 727 2940 fluit·
744 2879 836 2954 utilis,
861 2879 944 2941 utilis
960 2878 1038 2941 alvo.

405 2984 462 3046 hee
483 2983 614 3048 latebrae
637 2985 736 3048 dulces
760 2992 797 3060 et,
822 2985 882 3047 iem
905 2986 931 3046 si
953 2987 1057 3061 credis,
1080 3003 1222 3049 amoenae

405 3092 582 3154 incolumem
604 3093 661 3155 tibi
683 3111 730 3154 me
752 3101 905 3172 praestent
926 3093 1141 3172 septembribus
1162 3093 1252 3156 horis.

450 3306 495 3366 Tu
516 3313 594 3368 recte
616 3306 703 3381 vivis,
728 3306 753 3367 si
776 3323 861 3368 curus
883 3325 948 3368 esse
970 3308 1050 3387 quod
1071 3305 1164 3368 dudm.

301 3452 303 3458 .
405 3413 548 3474 iactamus
571 3413 630 3475 iem
652 3413 766 3493 pridem
794 3412 891 3474 omnis
913 3421 945 3474 te
965 3413 1065 3475 Roma
1085 3414 1220 3488 beatum3

406 3519 458 3580 sed
481 3537 582 3581 vereor
604 3538 642 3580 ne
664 3519 711 3580 cui
734 3521 770 3581 de
792 3527 823 3580 te
844 3520 912 3600 plus
935 3539 1023 3601 quem
1045 3519 1101 3581 tibi
1118 3521 1236 3594 credes,

405 3645 479 3687 neve
501 3635 586 3706 putes
609 3625 700 3712 elium
722 3626 855 3706 sapiente
877 3629 1016 3708 bonoque
1036 3627 1164 3701 beatum,

404 3752 470 3806 neu,
495 3732 521 3792 si
543 3740 573 3793 te
596 3733 721 3812 populus
746 3723 851 3794 senum
872 3742 1008 3814 recteque
1030 3732 1177 3794 valentem
1201 3782 1204 3784 v

405 3837 529 3912 dictitet,
555 3839 700 3900 occultum
722 3840 832 3901 febrem
855 3841 909 3901 sub
933 3848 1048 3919 tempus
1071 3839 1177 3900 edendi

405 3944 582 4020 dissimules,
606 3946 700 4008 donee
722 3945 860 4007 menibus
882 3954 990 4006 tremor
1011 3945 1124 4007 incidat
1145 3946 1250 4009 unctis.

406 4051 499 4132 siquis
522 4052 603 4114 bella
624 4051 680 4115 tibi
702 4061 780 4114 terra
802 4060 932 4131 pugnata
952 4051 1085 4133 marique

405 4277 550 4332 stultorum
568 4278 693 4333 incurate
710 4277 799 4347 pudor
817 4277 905 4331 malus
922 4278 1015 4332 ulcero
1032 4261 1112 4334 celet
