3209 5125
267 469 309 532 22

666 467 696 527 Q.
715 466 849 518 flottam
865 466 987 518 nancel

355 629 425 710 quid
448 627 521 689 velit
544 636 574 689 et
596 628 692 709 possit
712 647 809 690 rerum
832 628 990 691 concordia
1011 630 1134 706 discors,

353 735 548 815 Empedocles
572 754 611 796 au
635 734 811 798 Stertinium
834 735 939 797 deliret
961 756 1093 799 acumen.

398 948 510 1009 Verum
534 967 586 1011 seu
608 948 705 1028 pisces
729 967 780 1009 seu
802 967 920 1028 porrum
945 957 974 1011 et
996 969 1084 1031 caepe
1106 951 1245 1027 tmcidas,

352 1062 433 1115 utere
455 1054 597 1134 Pompeio
622 1054 760 1134 Grospho
784 1063 823 1128 et,
847 1055 873 1115 si
896 1055 968 1136 quid
988 1065 1078 1136 petet,
1101 1057 1179 1120 ultro

353 1160 446 1221 defer:
469 1160 513 1221 nil
535 1160 691 1240 Grosphus
714 1161 773 1222 nisi
794 1180 896 1223 verum
919 1162 1016 1224 orabit
1038 1171 1068 1224 et
1089 1183 1224 1245 aequum.

353 1266 422 1328 vilis
445 1267 605 1329 amicorum
628 1276 674 1328 est
697 1287 826 1343 annona,
849 1267 937 1331 bonis
960 1268 1011 1331 ubi
1034 1269 1106 1351 quid
1128 1272 1202 1333 dest.

396 1479 444 1541 Ne
466 1488 565 1542 tamen
588 1480 704 1561 ignores
729 1500 786 1563 quo
811 1482 852 1542 sit
872 1481 1012 1543 Romana
1033 1481 1099 1544 loco
1122 1502 1178 1558 res,

355 1586 503 1650 Cantaber
524 1586 685 1669 Agrippae,
710 1588 817 1650 Claudi
839 1587 947 1649 virtute
970 1588 1099 1650 Neronis

352 1693 512 1756 Armenius
536 1695 657 1769 cecidit3
681 1694 727 1755 ius
750 1695 962 1776 imperiumque
983 1694 1126 1757 Prahates

355 1800 489 1863 Caesaris
512 1801 626 1881 accepit
648 1800 770 1881 genibus
793 1801 907 1875 minor;
931 1820 1020 1863 aurea
1042 1803 1137 1882 fruges

353 1906 458 1969 Italiae
480 1907 568 1986 pleno
592 1908 726 1969 defundit
749 1907 845 1987 Copia
866 1926 965 1969 cornu.

775 2137 877 2240 Xlll

397 2332 440 2395 Ut
461 2334 696 2414 proficiscentem
719 2334 807 2395 docui
830 2341 860 2394 te
883 2342 971 2413 saepe
994 2334 1111 2417 diuque,

353 2439 489 2520 Augusto
512 2442 617 2502 reddes
641 2439 758 2519 signata
779 2439 940 2516 volumina,
964 2440 1046 2516 Vini,

354 2546 379 2608 si
403 2546 528 2623 validus,
553 2547 579 2609 si
602 2547 696 2610 laetus
719 2547 783 2623 erit,
808 2547 835 2609 si
858 2547 1123 2630 deniqueposcet3

354 2673 391 2715 ne
414 2655 512 2716 studio
535 2655 630 2716 nostri
652 2675 755 2735 pecces
778 2655 936 2737 odiumque
959 2654 1067 2718 libellis

284 2783 287 2788 ¹
355 2760 473 2822 sedulus
496 2762 636 2842 importes
660 2781 750 2842 opera
771 2762 944 2824 vehemente
965 2763 1108 2824 minister.

354 2868 381 2929 si
402 2876 432 2929 te
454 2868 528 2930 forte
550 2888 633 2931 meae
655 2869 753 2949 gravis
775 2878 840 2931 uret
862 2868 978 2930 sarcina
999 2869 1127 2944 chartae,

354 2973 464 3038 abicito
488 2975 587 3055 potius
612 2995 700 3057 quam
724 2995 780 3057 quo
804 2977 930 3056 perferre
955 2975 1065 3039 iuberis

354 3081 480 3144 clitellas
503 3083 579 3143 ferus
602 3083 749 3163 impingas
771 3082 944 3164 Asinaeque
966 3091 1120 3162 paternum

356 3207 517 3268 cognomen
540 3197 637 3252 vertas
660 3189 805 3251 inrisum
828 3197 859 3252 et
880 3189 981 3252 fabula
1000 3179 1065 3252 lias.

353 3295 465 3357 viribus
487 3296 577 3358 uteris
599 3315 651 3377 per
674 3296 767 3358 clivos
790 3295 914 3357 flumina
934 3297 1043 3358 lamas:

353 3401 449 3465 vietor
470 3403 615 3483 propositi
636 3402 724 3464 simul
747 3423 782 3464 ao
804 3403 971 3482 perveneris
994 3404 1074 3479 illuc,

355 3508 398 3571 sic
419 3509 549 3590 positum
572 3509 704 3572 servabis
728 3529 812 3583 onus,
836 3529 874 3571 ne
896 3511 971 3572 forte
993 3513 1048 3574 sub
1070 3511 1121 3572 ala

356 3616 527 3678 fasciculum
549 3625 648 3696 portes
671 3616 812 3678 librorum
834 3626 868 3678 ut
888 3617 1015 3679 rusticus
1036 3637 1154 3697 egnum,

354 3731 388 3784 ut
409 3723 516 3784 vinosa
537 3723 651 3802 glomus
673 3723 797 3786 turtivae
819 3724 925 3806 Pyrria
946 3724 1041 3799 lenae,

355 3838 388 3891 ut
411 3849 477 3893 cum
499 3829 608 3910 pileolo
633 3831 729 3892 soleas
752 3831 880 3893 conviva
899 3831 1025 3892 tribulis.

355 3955 411 3998 neu
434 3937 521 4017 volgo
544 3955 644 3998 narres
666 3944 696 3998 te
718 3936 871 4000 sudavisse
893 3937 1010 3998 ferendo
1088 4010 1091 4014 v

356 4043 487 4105 carmina
509 4063 584 4125 quae
606 4043 722 4122 possint
745 4043 847 4104 oculos
869 4062 1011 4125 auresque
1034 4042 1141 4105 morari

357 4149 500 4212 Caesaris.
536 4157 635 4212 oratus
657 4150 752 4210 multa
773 4169 859 4229 prece
880 4149 974 4212 nitere
995 4169 1092 4231 porro,

354 4258 439 4338 vade,
463 4256 544 4317 vele:
569 4275 640 4318 eave
663 4275 700 4318 ue
722 4257 832 4319 titubes
855 4258 1054 4339 mandataque
1074 4258 1201 4338 frangas.
