3209 5125
566 493 811 544 EPISTVLARVM
829 493 926 544 LIB.I.
943 495 982 545 19.

330 654 419 736 quid?
442 655 535 736 siquis
557 655 641 715 voltu
663 663 747 715 torvo
770 654 848 716 ferus
871 663 901 716 et
921 657 996 735 pede
1018 656 1097 717 nudo

330 760 509 842 exiguaeque
531 768 616 841 togae
639 759 757 821 simulet
779 769 895 823 textore
918 763 1071 836 Catonem,

270 920 271 925 ,
329 867 505 929 virtutemne
526 875 724 947 repraesentet
746 886 900 949 moresque
924 868 1068 930 Catonis?

328 974 408 1053 rupit
429 973 571 1035 Iarbitam
593 972 761 1054 Timagenis
785 973 902 1035 aemula
923 974 1032 1055 lingua,

328 1081 398 1141 dum
421 1081 519 1141 studet
540 1081 669 1141 urbanus
691 1080 844 1163 tenditque
866 1080 993 1143 disertus
1015 1081 1127 1144 haberi.

330 1184 438 1266 decipit
461 1186 611 1266 exemplar
633 1186 714 1247 vitiis
738 1186 891 1249 imitabile.
928 1189 1007 1269 quod
1030 1188 1056 1248 si

327 1292 467 1372 pallerem
490 1312 569 1367 casu,
592 1293 727 1355 biberent
751 1314 899 1374 exsangue
922 1292 1079 1355 cuminum.

374 1506 400 1567 Ο
424 1505 587 1568 imitatores
610 1525 725 1568 servum
748 1526 848 1587 pecus,
872 1516 905 1567 ut
926 1506 1000 1568 mihi
1023 1526 1110 1587 saepe

327 1612 427 1686 bilem,
452 1630 539 1691 saepe
561 1611 658 1674 iocum
680 1613 771 1674 vestri
793 1632 912 1676 movere
933 1613 1089 1674 tumultus!

329 1718 422 1781 libera
443 1738 496 1799 per
518 1738 641 1781 vacuum
664 1718 750 1798 posui
773 1719 899 1800 vestigia
920 1719 1066 1799 princeps,

328 1844 389 1886 non
411 1824 509 1887 aliena
531 1844 595 1886 meo
619 1826 713 1905 pressi
735 1827 818 1905 pede.
855 1827 905 1908 qui
929 1826 988 1889 sibi
1009 1827 1088 1901 fidet,

328 1933 388 1994 dux
410 1940 491 2013 reget
513 1951 645 1993 examen.
679 1931 784 1994 Parios
808 1952 861 2013 ego
884 1932 996 2013 primus
1018 1932 1134 1995 iambos

329 2038 444 2100 ostendi
467 2038 565 2111 Latio,
590 2058 726 2099 numeros
749 2039 924 2119 animosque
946 2048 1062 2100 secutus

326 2144 509 2219 Archilochi,
534 2164 594 2205 non
617 2164 663 2205 res
687 2154 716 2206 et
739 2146 857 2226 agentia
878 2146 970 2206 verba
991 2145 1170 2225 Lycamben.

328 2273 363 2314 ac
385 2272 423 2313 ne
445 2272 492 2313 me
515 2250 595 2313 loliis
617 2250 684 2313 ideo
707 2251 892 2314 brevioribus
915 2270 1010 2326 ornes,

328 2360 407 2440 quod
429 2356 514 2419 timui
537 2366 649 2419 mutare
671 2360 777 2421 modos
801 2367 831 2419 et
853 2356 992 2419 carminis
1014 2365 1121 2419 artem:

326 2472 470 2545 temperat
493 2463 667 2525 Archilochi
689 2484 803 2527 musam
827 2465 901 2545 pede
923 2464 1056 2525 mascula
1078 2463 1211 2544 Sappho,

327 2580 471 2652 temperat
493 2572 633 2646 Alcaeus,
658 2574 709 2633 sed
731 2574 819 2635 rebus
842 2581 873 2633 et
894 2570 996 2633 ordine
1019 2572 1129 2652 dispar,

327 2698 381 2740 nec
405 2698 537 2741 socerum
561 2677 675 2760 quaerit
697 2699 783 2761 quem
807 2678 941 2740 versibus
965 2677 1081 2740 oblinat
1102 2678 1185 2752 atris,

327 2805 381 2846 nec
404 2805 529 2865 sponsae
552 2785 689 2868 laqueum
712 2786 826 2848 famoso
851 2785 980 2847 carmine
1002 2785 1102 2846 nectit.

325 2893 404 2953 hunc
427 2911 489 2972 ego,
514 2912 575 2958 non
598 2892 657 2954 alio
681 2892 792 2954 dictum
816 2892 896 2973 prius
919 2911 979 2966 ore,
1003 2891 1129 2954 Latinus

326 2998 446 3077 volgavi
468 2998 582 3061 fidicen.
616 2999 700 3060 iuvat
721 2999 916 3060 inmemorata
937 3001 1077 3060 ferentem

326 3105 460 3184 ingenuis
484 3105 634 3187 oculisque
656 3105 714 3185 legi
737 3104 931 3187 manibusque
953 3105 1055 3167 teneri.

372 3316 455 3381 Scire
478 3316 560 3390 velie,
585 3337 651 3379 mea
673 3337 724 3379 cur
744 3317 877 3398 ingratus
900 3318 1041 3398 opuscula
1063 3317 1155 3380 lector

328 3422 427 3485 laudet
449 3431 585 3505 ametque
608 3422 698 3497 domi,
722 3433 836 3504 premat
858 3434 943 3486 extro
964 3424 1054 3486 limen
1076 3422 1210 3506 iniquus:

327 3549 387 3590 non
411 3549 463 3611 ego
487 3538 628 3592 ventosae
650 3529 746 3610 plebis
770 3531 909 3611 suffragia
930 3550 1022 3593 venor

327 3635 468 3716 impensis
492 3656 629 3699 cenarum
652 3645 682 3698 et
704 3637 791 3698 tritae
814 3657 932 3698 munere
955 3636 1064 3712 vestis;

327 3761 387 3803 uon
411 3763 473 3823 ego,
497 3742 642 3806 nobilimn
665 3742 839 3824 scriptorum
862 3743 979 3805 auditor
1001 3752 1031 3804 et
1053 3743 1140 3818 ultor,

326 3849 531 3929 grammaticas
554 3849 666 3912 ambire
687 3851 782 3913 tribus
806 3859 836 3912 et
857 3850 973 3932 pulpita
995 3849 1108 3930 dignor.

326 3955 395 4018 hinc
418 3955 487 4019 illae
508 3957 654 4020 lacrimae.
677 3951 795 4037 ‘spissis
817 3957 940 4037 indigna
960 3956 1084 4019 theatris

327 4061 437 4143 scripta
458 4065 549 4144 pudet
570 4063 691 4125 recitare
715 4073 744 4124 et
766 4063 851 4144 nugis
874 4065 981 4125 addere
1002 4057 1134 4144 pondus’

327 4169 352 4229 si
376 4168 448 4243 dixi,
469 4165 572 4232 ‘rides'
597 4169 641 4232 ait
657 4167 700 4230 ‘et
721 4169 802 4232 Iovis
825 4169 945 4232 auribus
966 4169 1027 4232 ista

327 4293 440 4336 servas:
464 4274 530 4338 fidis
553 4275 631 4337 enim
654 4295 774 4338 manare
796 4276 915 4355 poetica
937 4275 1027 4339 mella

1068 4374 1113 4430 3*
