3209 5125
682 429 712 490 Q.
731 430 865 480 HORA'rl
882 429 1003 480 runem

394 591 496 653 litibus
516 591 703 673 implicitum,
728 590 858 654 mirabor
880 592 905 652 si
929 591 1002 653 sciet
1024 591 1101 653 inter

394 717 514 760 noscere
536 699 708 760 mendacem
729 718 888 780 verumque
910 701 1014 761 beatus
1037 697 1173 761 amicum.

393 813 425 866 tu
448 824 499 865 seu
521 804 642 866 donaris
665 824 716 866 seu
740 804 812 885 quid
834 806 944 865 donare
966 804 1050 865 voles
1075 804 1154 885 quoi,

393 911 487 973 nolito
510 912 549 972 ad
571 930 672 973 versus
694 910 750 973 tibi
773 911 868 971 laotos
891 911 996 971 ducere
1018 910 1137 990 plenum

392 1018 536 1079 laetitiae:
560 1017 700 1079 clamabit
722 1016 801 1078 enim
818 1010 917 1090 ‘recta
941 1018 1025 1092 bene,
1049 1018 1168 1097 pulchre
1175 1015 1201 1092 3²

393 1124 534 1205 pallescet
557 1144 644 1205 super
665 1124 722 1199 his,
746 1123 836 1184 etiam
858 1123 985 1185 stillabit
1006 1124 1109 1185 amicis

394 1250 431 1292 ex
455 1230 547 1293 oculis
570 1250 674 1305 rorem,
698 1230 794 1303 saliet,
817 1231 922 1291 tundet
943 1231 1017 1309 pede
1039 1239 1155 1312 terram.

393 1346 426 1398 ut
449 1338 499 1419 qui
522 1336 659 1399 conducti
681 1336 799 1416 plorant
821 1336 853 1396 iu
875 1336 975 1397 funere
997 1336 1099 1398 dicunt

394 1452 423 1504 et
444 1442 556 1505 faciunt
577 1462 668 1523 prope
691 1443 775 1523 plura
797 1442 965 1504 dolentibus
989 1461 1026 1503 ex
1049 1442 1165 1504 animo:
1193 1442 1236 1505 sic

394 1550 506 1612 derisor
528 1568 597 1609 vero
620 1549 686 1629 plus
710 1548 863 1610 laudatore
885 1557 1027 1610 movetur.

393 1675 474 1735 reges
497 1655 632 1717 dicuntur
655 1655 755 1716 multis
777 1675 898 1734 urguere
920 1654 1038 1716 culullis

394 1770 424 1823 et
445 1771 580 1845 torquere
602 1782 681 1823 mero
706 1782 792 1843 quern
815 1761 1000 1841 perspexisse
1023 1760 1169 1836 laborant,

394 1889 432 1931 an
455 1869 495 1930 sit
517 1868 649 1932 amicitia
672 1868 790 1949 dignus:
815 1868 841 1928 si
864 1868 996 1929 carmina
1019 1869 1128 1929 condes

395 2101 554 2164 numquam
577 2090 606 2142 te
629 2081 734 2143 fallant
757 2082 860 2160 volpes
884 2083 938 2142 sub
962 2080 1039 2160 pelle
1061 2080 1196 2142 latentes.

396 2186 540 2258 Quintilio
565 2188 591 2249 si
615 2188 685 2269 quid
707 2188 854 2261 recitares,
872 2183 996 2267 ‘corrige
1018 2188 1106 2247 sodes

394 2292 470 2357 hoc’
493 2295 593 2357 aiebat
609 2288 653 2355 ‘et
674 2292 758 2355 hoo'
792 2294 897 2355 melius
919 2302 949 2354 te
972 2313 1060 2373 posse
1082 2313 1203 2373 negares

394 2401 440 2462 bis
464 2410 564 2482 terque
588 2410 739 2481 expertum
762 2401 878 2475 frustra,
902 2400 999 2462 delere
1021 2400 1158 2473 iubebat3

395 2508 421 2569 si
443 2508 596 2576 defendere
619 2507 758 2569 delictum
781 2527 870 2589 quam
893 2514 1004 2569 vertere
1027 2507 1140 2582 malles,

396 2615 508 2676 nullum
531 2615 608 2676 ultra
630 2617 751 2678 verbum
774 2623 825 2676 aut
848 2634 966 2695 operam
988 2614 1156 2676 insumebat
1178 2614 1305 2688 inanem,

396 2722 467 2804 quin
490 2722 554 2783 sine
576 2721 663 2784 rivali
685 2730 771 2802 teque
795 2730 824 2782 et
845 2730 897 2782 tua
919 2721 1001 2782 solus
1023 2740 1146 2782 amares.

394 2828 440 2890 vir
462 2831 558 2890 bonus
582 2837 611 2888 et
633 2829 759 2908 prudens
783 2847 884 2889 versus
906 2827 1097 2908 reprehendet
1118 2827 1236 2901 inertes,

396 2935 528 3016 culpabit
551 2936 648 3009 duros,
673 2933 831 3012 incomptis
854 2933 959 2995 allinet
980 2943 1076 2995 atrum
1169 2915 1173 2920 Δ

395 3051 565 3104 transvorso
590 3041 703 3102 calamo
727 3040 852 3120 signum,
876 3040 1036 3102 ambitiosa
1057 3040 1167 3102 recidet

396 3155 576 3221 ornamenta,
600 3167 702 3226 parum
726 3145 813 3207 claris
835 3147 930 3208 lucem
953 3147 1023 3208 dare
1045 3154 1129 3226 coget

395 3264 424 3318 et
446 3255 522 3317 male
545 3255 686 3315 fomnatos
707 3252 809 3314 incudi
830 3255 949 3315 reddere
972 3272 1087 3315 versus:

394 3364 444 3424 fiet
466 3361 665 3422 Aristarchus.
700 3378 760 3422 non
783 3360 862 3422 dicet
876 3355 941 3422 ‘cur
963 3379 1016 3440 ego
1039 3360 1167 3422 amicum

396 3469 542 3530 offendam
564 3467 596 3527 in
619 3463 743 3546 nugisl³
766 3468 822 3528 hae
845 3487 939 3548 nugae
961 3468 1038 3529 seria
1059 3469 1167 3529 ducent

395 3576 427 3637 in
449 3574 530 3636 mala
551 3573 679 3634 derisum
702 3574 792 3635 semel
816 3582 1028 3654 exceptumque
1049 3574 1176 3635 sinistre.

396 3691 430 3743 ut
452 3680 531 3743 mala
554 3699 639 3762 quem
663 3679 777 3742 scabies
800 3689 852 3741 aut
873 3682 994 3743 morbus
1015 3680 1110 3760 regius
1132 3689 1234 3760 urguet

395 3875 492 3941 arguet
510 3869 637 3942 ambigue
655 3870 767 3941 dictum,
786 3869 918 3925 mutanda
934 3869 1049 3925 notabit.
1411 3888 1456 3927 rra

285 3991 316 3999 —-

357 4049 441 4100 Vnam
457 4064 554 4100 uuorro.
600 4048 653 4102 386
676 4056 744 4100 recte
767 4050 833 4099 bene
857 4047 960 4114 pulchre
979 4047 1045 4100 Fece
1062 4045 1201 4100 Vaticanus
1218 4065 1294 4108 anua,
1313 4045 1408 4111 Peerl-¹

285 4140 392 4208 kemper
410 4137 514 4204 pulchre
532 4138 597 4188 bene
615 4145 684 4188 recte
703 4143 779 4190 ceteri
789 4136 851 4190 trbrr
921 4136 973 4187 395
992 4136 1078 4202 volpes
1094 4137 1140 4186 sub
1153 4135 1219 4201 pelle
1230 4135 1257 4187 R
1266 4140 1404 4205 praeeunte

285 4226 352 4294 pelle
366 4226 488 4280 Bentleio.
512 4225 588 4276 animi
601 4227 646 4276 sub
659 4225 735 4291 uulpe
747 4225 808 4279 libri
872 4223 925 4275 406
937 4225 1056 4276 formatos
1068 4224 1198 4278 Berdletuc
1209 4232 1321 4276 tornatos
1334 4223 1401 4277 terr.
