3209 5125
575 433 821 485 EPISTVLARVM
838 433 936 485 emt
952 435 992 486 10.

360 591 440 663 Quid
463 594 599 675 quaeris?
621 595 689 656 vivo
714 602 743 655 et
764 614 864 674 regno,
889 594 977 656 simul
1000 595 1058 657 ista
1080 596 1196 679 reliqui,

316 718 391 780 quae
413 719 467 761 vos
489 702 528 761 ad
551 700 663 763 caelum
686 700 767 761 fertis
789 720 905 763 rumore
928 703 1072 777 seeund03

314 813 404 888 utque
427 807 587 868 sacerdotis
610 806 748 887 fugitivus
772 807 834 871 liba
856 827 968 883 recuso,

313 931 390 992 pane
413 931 482 992 egeo
506 912 566 975 iam
588 913 708 975 mellitis
731 914 847 994 potiore
869 915 1023 995 plaeentis.

314 1018 413 1080 vivere
435 1028 557 1083 naturae
579 1020 606 1081 si
628 1004 846 1083 convenienter
859 1030 984 1102 oportet,

314 1128 508 1208 ponendaque
531 1128 619 1189 domo
643 1129 811 1208 quaerenda
832 1135 878 1188 est
899 1148 969 1189 area
990 1128 1133 1208 primurn:

314 1233 463 1295 novistine
486 1232 583 1295 locum
605 1234 750 1313 potiorem
773 1254 840 1296 rure
864 1235 974 1296 beato?

315 1347 360 1401 est
382 1340 433 1402 ubi
455 1339 522 1419 plus
544 1347 664 1419 tepeant
686 1340 806 1416 hiemes,
830 1342 882 1404 ubi
905 1342 1016 1423 gratior
1037 1360 1110 1403 aura

314 1446 407 1508 leniat
429 1455 458 1508 et
479 1446 592 1508 rabiem
616 1446 697 1508 oanis
720 1456 750 1509 et
770 1458 921 1510 momenta
944 1449 1048 1523 leonis,

314 1572 378 1616 oum
403 1553 494 1615 semel
515 1552 630 1633 aceepit
652 1554 744 1616 solem
767 1555 941 1617 furibundus
962 1556 1102 1619 acutum?

314 1669 359 1722 est
380 1660 433 1723 nbi
455 1660 578 1723 divellat
599 1680 720 1722 somnos
743 1662 841 1723 minus
863 1662 967 1725 invida
990 1663 1079 1725 eura?

314 1768 441 1830 deterius
463 1766 585 1848 Libyeis
608 1768 670 1829 olet
691 1776 743 1830 aut
765 1768 840 1831 nitet
862 1770 954 1831 herba
976 1768 1107 1850 lapillis?

313 1874 413 1955 purior
434 1874 466 1935 in
488 1874 564 1935 vicis
586 1894 664 1957 equa
686 1875 782 1937 tendit
803 1896 938 1956 rumpere
958 1876 1120 1957 plumbum,

314 2002 402 2064 quam
425 2002 500 2063 quae
522 2002 574 2061 per
595 2000 720 2061 pronum
743 1982 872 2062 trepidat
893 2003 959 2045 oum
980 2002 1128 2045 murmure
1149 1983 1264 2044 rivum?

313 2106 418 2168 nempe
440 2088 517 2149 inter
538 2087 636 2149 varias
659 2087 786 2149 nutritur
809 2088 887 2149 silva
909 2090 1070 2163 columnas,

313 2178 507 2276 laudaturque
529 2195 633 2255 domus
656 2193 761 2273 longos
785 2214 861 2275 quae
883 2196 1027 2275 prospioit
1049 2214 1151 2276 agros:

313 2310 448 2363 naturam
471 2301 600 2381 expelles
623 2301 712 2375 tinea,
735 2309 837 2362 tamen
858 2321 952 2383 nsque
973 2311 1102 2364 recurret

314 2416 343 2469 et
365 2408 445 2470 mala
466 2416 633 2489 perrumpet
655 2407 754 2469 furtim
776 2408 898 2469 fastidia
919 2408 1037 2471 viatrix.

597 2557 615 2597 *
776 2599 794 2637 *
953 2557 972 2597 *

314 2730 361 2792 eui
383 2749 443 2792 non
466 2728 622 2790 conveniet
644 2747 698 2789 sua
719 2747 775 2802 res,
799 2736 834 2788 ut
855 2727 971 2790 calceus
995 2727 1076 2802 olim,
1097 2813 1102 2821 .

313 2836 339 2897 si
360 2838 434 2916 pede
455 2835 550 2898 maior
572 2835 635 2909 erit,
660 2837 828 2917 subvertet3
852 2834 879 2895 si
902 2834 1006 2909 minor,
1029 2843 1103 2896 urm

312 2941 407 3004 laetus
430 2952 508 3006 sorte
529 2951 582 3004 tua
603 2941 687 3004 vives
709 2941 867 3021 sapienter,
891 2940 1005 3016 Aristi3

312 3067 366 3109 nee
388 3068 435 3109 me
457 3049 588 3112 dimittes
610 3047 828 3128 incastigatum‚
852 3047 904 3110 ubi
925 3047 1012 3127 plura

312 3175 422 3236 eogere,
447 3175 536 3238 quam
558 3154 631 3216 satis
655 3163 709 3229 est,
732 3175 768 3216 ae
791 3173 852 3216 non
875 3173 990 3216 cessare
1011 3155 1142 3217 videbor.

311 3261 436 3342 imperat
457 3270 509 3324 aut
530 3259 621 3323 servit
643 3260 769 3323 collecta
790 3261 917 3341 pecunia
938 3261 1053 3342 ouique,

310 3376 420 3430 tortum
442 3368 532 3448 digua
554 3367 638 3450 sequi
660 3367 759 3447 potius
783 3387 872 3450 quam
894 3369 1000 3430 duoera
1021 3368 1128 3429 funem.

355 3583 438 3644 Haeo
460 3581 516 3644 tibi
538 3581 688 3643 dictabam
710 3589 780 3660 poet
801 3581 902 3642 fanum
923 3589 1008 3660 putre
1029 3581 1181 3654 Vacunae,

312 3697 434 3768 exeepto
458 3690 537 3771 quod
559 3706 620 3750 non
644 3686 731 3749 simul
755 3707 836 3748 esses
859 3695 956 3749 eetera
976 3686 1081 3780 laetus.
1352 3705 1381 3745 so

292 3931 376 3981 Vnam
388 3948 485 3982 onemo.
525 3931 556 3983 13
569 3931 687 3998 ponenda
700 3937 735 3997 Ω,
752 3931 884 4003 Souppr'us
897 3930 990 3984 Portet.
1002 3929 1065 3980 XIX
1077 3928 1130 3980 253
1139 3947 1193 3999 sqq.
1208 3929 1342 3994 ponendae

222 4024 298 4072 ceteri
316 4019 384 4072 ubre
