3209 5125
687 464 718 526 o.
736 463 870 515 aonam
893 462 1015 513 rancor
1087 428 1090 433 ’

334 624 337 631 ’
404 621 463 706 (sic
485 625 559 700 leve,
583 626 626 687 sic
648 645 770 706 parvum
793 634 839 687 est
861 624 992 686 animum
1016 625 1095 705 quod
1118 624 1213 686 laudis
1235 643 1356 686 avarum

404 732 518 793 subruit
540 740 592 794 aut
613 728 734 813 reficit):
758 731 858 794 valeat
878 752 925 793 res
947 730 1069 805 ludicra,
1093 731 1120 792 si
1142 750 1189 793 me

404 837 505 918 palma
527 848 633 919 negata
655 858 793 914 macrum,
818 840 929 901 donata
949 838 1063 900 reducit
1085 838 1225 917 opimum.

404 965 491 1025 saepe
514 945 604 1008 etiam
626 947 766 1009 audacem
788 946 870 1025 sugat
891 946 949 1007 hoc
970 954 1116 1027 terretque
1137 953 1266 1025 poetam,

405 1054 484 1134 quod
506 1072 626 1114 numero
650 1053 757 1133 plures,
781 1051 890 1113 virtute
912 1052 1076 1113 ethonore
1097 1052 1235 1126 minores,

404 1158 517 1220 indocti
540 1158 699 1241 stolidique
722 1167 751 1221 et
773 1160 940 1239 depugnare
962 1158 1068 1238 parati,

406 1265 431 1325 si
453 1266 602 1327 discordet
624 1285 722 1347 eques,
746 1265 844 1327 media
865 1265 942 1327 iuter
963 1265 1095 1331 carmina
1115 1272 1242 1344 poscunt

405 1381 456 1435 aut
478 1392 577 1434 ursum
600 1381 651 1434 aut
673 1371 802 1453 pugiles:
826 1372 873 1433 his
896 1392 966 1435 nam
987 1370 1141 1453 plebecula
1162 1373 1277 1451 gaudet.

405 1499 506 1541 verum
529 1479 622 1562 equiti
645 1499 761 1561 quoque
784 1480 845 1541 iam
867 1478 1005 1560 migravit
1025 1480 1064 1540 ab
1087 1498 1157 1539 aure
1179 1478 1316 1558 voluptas

405 1586 501 1647 omnis
523 1587 562 1647 ed
585 1586 712 1649 incertos
736 1586 838 1649 oculos
862 1594 891 1647 et
913 1586 1020 1666 gaudia
1042 1604 1129 1648 vana

406 1702 544 1774 quattuor
565 1702 617 1755 ant
639 1694 736 1772 plures
759 1693 864 1755 aulaea
886 1700 1055 1773 premuntur
1076 1691 1108 1752 in
1130 1692 1228 1765 horas,

404 1801 474 1861 dum
497 1799 611 1879 tugiunt
634 1799 763 1880 equitum
786 1809 900 1861 turmae
922 1798 1111 1879 peditumque
1133 1807 1283 1871 catervae;

403 1926 474 1968 mox
496 1905 621 1967 trahitur
643 1906 779 1968 manibus
801 1925 902 1986 regum
924 1906 1041 1967 fortuna
1062 1904 1196 1979 retortis3

405 2013 508 2074 esseda
529 2012 679 2087 festinant,
703 2012 817 2093 pilenta
838 2012 980 2092 petorrita
1001 2032 1108 2087 naves;

404 2120 554 2199 captivum
576 2127 709 2199 portatur
732 2122 812 2193 ebur,
837 2119 956 2199 captiva
978 2119 1146 2181 Corinthus.

405 2226 431 2289 si
453 2227 528 2287 foret
550 2226 581 2286 in
604 2226 699 2301 terris,
722 2226 831 2287 rideret
851 2226 1047 2301 Democritus,
1071 2246 1124 2288 seu

403 2333 550 2395 diversum
573 2333 695 2394 confuse
717 2353 809 2413 genus
831 2333 976 2412 panthera
997 2332 1108 2395 camelo

404 2440 467 2501 sive
491 2439 610 2517 elephas
632 2439 718 2503 albus
742 2439 822 2519 volgi
844 2448 1027 2500 converteret
1049 2458 1114 2500 ora:

365 2554 370 2570 '
403 2554 549 2627 spectaret
571 2546 712 2627 populum
735 2545 813 2609 ludis
836 2544 978 2608 attentius
1000 2545 1074 2627 ipsis

403 2662 437 2716 ut
460 2653 517 2715 sibi
540 2655 728 2733 praebentem
751 2653 843 2716 nimio
867 2653 1035 2734 spectacula
1056 2653 1149 2733 plura,

404 2760 561 2841 scriptores
583 2768 681 2821 autem
704 2779 823 2822 narrare
845 2768 961 2839 putaret
983 2759 1075 2822 asello

403 2866 542 2929 fabellam
565 2868 662 2928 surdo.
697 2887 767 2928 nam
790 2886 866 2949 qnae
887 2867 1057 2947 pervincere
1079 2885 1167 2928 voces

405 2972 539 3034 evaluere
561 2992 675 3048 sonum,
698 2975 826 3036 referunt
849 2993 936 3056 quern
958 2982 1061 3035 nostra
1082 2971 1218 3034 theatra?

403 3079 574 3159 Garganum
597 3080 707 3161 mugire
730 3089 815 3160 putes
838 3101 941 3142 nemus
964 3089 1016 3142 aut
1037 3099 1117 3142 mare
1139 3081 1282 3140 Tuscum:

404 3194 487 3248 tanto
512 3205 578 3248 cum
601 3187 724 3267 strepitu
746 3186 809 3248 ludi
831 3196 1001 3267 spectantur
1023 3195 1054 3248 et
1075 3195 1153 3248 artes

403 3293 582 3374 divitiaeque
604 3293 782 3373 peregrinae,
808 3293 915 3376 quibus
938 3294 1049 3355 oblitus
1072 3302 1155 3355 actor

404 3419 470 3461 curn
494 3398 576 3460 stetit
597 3399 629 3460 iu
652 3419 768 3474 scaena,
793 3400 941 3462 concurrit
962 3402 1084 3461 dextera
1105 3399 1216 3460 laevae.

399 3503 489 3567 ‘dixit
510 3505 605 3568 adhuc
628 3501 776 3588 aliquidl’
802 3507 847 3567 nil
869 3525 949 3568 sane.
978 3503 1063 3588 ‘qnid
1084 3506 1183 3587 placet
1205 3498 1308 3586 ergo?²

403 3612 474 3674 lana
496 3612 656 3676 Tarentino
680 3612 776 3675 violas
798 3611 1060 3676 imitataveneno.

448 3825 496 3894 Ac
519 3845 557 3886 ne
578 3825 653 3887 sorte
675 3834 760 3905 putes
783 3845 839 3900 me,
864 3846 939 3909 quae
961 3826 1055 3888 facere
1077 3825 1141 3905 ipse
1162 3843 1302 3900 recusem,

405 3952 471 3995 cum
493 3941 571 3994 reete
593 3939 721 3993 tractent
743 3931 805 4007 alii,
828 3932 948 3995 laudare
969 3931 1115 4012 maligue:

404 4038 455 4099 ille
477 4057 529 4117 per
551 4047 702 4101 extentum
725 4039 824 4100 funem
846 4039 920 4101 mihi
942 4057 1029 4119 posse
1051 4037 1167 4099 videtur

403 4143 446 4206 ire
468 4153 567 4224 poeta,
590 4165 686 4207 meum
710 4145 760 4226 qui
782 4154 884 4225 pectus
906 4145 1034 4208 inaniter
1055 4144 1137 4225 augit

403 4251 507 4314 inritat
528 4251 644 4327 mulcet,
668 4252 751 4314 falsis
775 4252 933 4315 terroribus
955 4251 1068 4332 implet,
