3209 5125
696 464 763 517 Ans
781 465 938 518 Polemon.

370 645 407 686 ne
428 625 509 686 velut
531 625 627 687 innati
649 625 746 687 triviis
770 648 806 689 ac
828 647 923 707 paene
945 630 1075 691 forenses

369 739 421 792 aut
442 731 565 792 nimium
587 732 696 793 teneris
718 734 892 796 iuvenentur
913 735 1047 797 versibus
1069 753 1208 817 umquam

370 846 421 898 aut
442 838 585 900 inmunda
608 848 726 918 crepent
747 840 1004 922 ignominiosaque
1026 841 1121 903 dictat

371 943 555 1006 offenduntur
578 946 655 1007 enim
679 945 785 1027 quibus
809 955 855 1007 est
876 967 968 1029 equus
991 956 1021 1008 et
1041 956 1126 1027 pater
1148 956 1178 1009 et
1199 966 1255 1023 res,

370 1069 432 1124 nec,
456 1051 553 1133 siquid
576 1052 653 1114 hieti
676 1052 777 1114 ciceris
800 1056 907 1133 probat
930 1062 960 1114 et
981 1053 1065 1115 nucis
1089 1062 1212 1135 emptor,

369 1156 472 1239 aequis
494 1145 643 1239 accipiunt
665 1159 772 1220 animis
795 1161 944 1221 donantve
968 1180 1086 1222 corona.

411 1370 481 1432 Non
505 1372 578 1433 satis
601 1379 646 1433 est
667 1372 790 1451 pulchra
813 1391 876 1432 esse
899 1381 1053 1454 poemata:
1077 1372 1176 1435 dulcia
1197 1382 1285 1435 sunto

369 1484 398 1537 et
420 1496 603 1560 quocumque
626 1478 728 1538 volent
749 1477 881 1539 animum
903 1478 1047 1541 auditoris
1069 1489 1188 1559 agunto.

367 1591 402 1643 ut
422 1583 586 1646 ridentibus
609 1584 746 1659 arrident,
771 1584 814 1645 ita
836 1584 974 1647 flentibus
997 1586 1108 1647 adflent

368 1689 490 1751 humani
511 1692 618 1753 voltus.
654 1692 680 1752 si
703 1692 749 1753 vis
772 1692 920 1766 medere,
944 1692 1102 1755 dolendum
1126 1701 1171 1754 est

368 1796 493 1875 primum
515 1797 573 1878 ipsi
594 1799 667 1872 tioi;
691 1806 761 1859 tune
783 1806 836 1859 tua
857 1817 904 1859 me
926 1798 1087 1860 infortunia
1108 1798 1235 1873 laedent,

368 1903 497 1983 Telephe
519 1905 566 1965 vel
587 1905 691 1966 Peleu:
720 1904 796 1965 male
820 1904 846 1964 si
868 1905 1009 1965 mandata
1031 1904 1169 1985 loqueris,

367 2017 418 2069 aut
440 2010 606 2072 dormitabo
630 2019 681 2071 aut
702 2010 814 2071 ridebo.
846 2009 944 2070 tristia
965 2019 1109 2072 maestum

368 2114 481 2175 voltum
504 2118 594 2177 verba
616 2118 729 2189 decent,
753 2116 861 2177 iratum
883 2116 972 2195 plena
994 2116 1149 2191 minarum,

367 2220 515 2281 ludentem
538 2222 659 2297 lasciva,
683 2242 815 2283 severum
839 2222 915 2283 seria
938 2222 1027 2283 dictu.

366 2328 473 2388 format
495 2328 574 2388 enim
596 2338 701 2389 natura
723 2329 805 2408 prius
828 2348 883 2389 nos
906 2328 986 2389 intus
1009 2330 1048 2390 ad
1071 2347 1188 2390 omnem

367 2433 548 2495 fortunarum
571 2434 719 2495 habitum:
743 2434 834 2509 iuvat,
859 2444 911 2495 aut
933 2435 1050 2517 inpellit
1072 2437 1111 2497 ad
1132 2435 1216 2509 iram,

366 2541 478 2602 autad
501 2540 620 2602 hurnmn
643 2561 773 2603 maerore
796 2541 880 2622 gravi
903 2542 1022 2604 deducit
1044 2550 1074 2603 et
1095 2542 1193 2622 angit3

366 2655 435 2726 post
458 2647 538 2708 effert
559 2647 651 2708 animi
674 2657 770 2709 motus
794 2648 952 2729 interprete
975 2649 1082 2729 lingua.

366 2754 392 2814 si
414 2753 539 2814 dicentis
562 2763 646 2815 erunt
668 2755 794 2817 fortunis
817 2757 932 2817 absona
954 2755 1043 2829 dicta,

366 2860 495 2921 Romani
518 2861 624 2922 tollent
647 2862 760 2942 equites
782 2861 953 2943 peditesque
977 2861 1161 2923 cachinnum.

367 2966 498 3028 intererit
519 2968 642 3029 multum
666 2969 789 3029 divosne
813 2969 950 3049 loquatur
970 2989 1009 3029 an
1032 2969 1128 3043 heroS,

366 3081 534 3134 maturusne
557 3093 648 3134 senex
670 3093 709 3135 an
730 3076 827 3136 adhuc
850 3075 972 3136 florente
994 3074 1115 3136 iuventa

366 3179 503 3253 fervidus,
528 3188 557 3239 et
577 3187 713 3241 matrona
735 3190 841 3260 potens
864 3200 902 3242 an
926 3181 1029 3242 sedula
1052 3180 1161 3254 nutrix,

365 3293 546 3346 mercatorne
569 3305 661 3364 vagus
684 3287 816 3348 cultorne
838 3287 961 3349 virentis
984 3287 1080 3367 agelli,

366 3391 494 3452 Colchus
517 3410 556 3451 an
578 3391 731 3472 Assyrius,
756 3393 867 3454 Thebis
889 3393 1016 3455 nutritus
1038 3412 1077 3454 an
1100 3392 1200 3473 Argis·

366 3497 490 3577 scriptor
512 3499 689 3559 Homereum
713 3498 739 3558 si
761 3498 835 3559 forte
857 3499 975 3579 reponis
997 3499 1158 3572 Achillem,
1384 3523 1427 3561 120

258 3641 260 3646 -
365 3602 489 3683 impiger
509 3603 666 3665 iracundus
689 3603 883 3665 inexorabilis
905 3625 972 3665 acer

365 3708 429 3770 iura
451 3718 537 3789 neget
559 3710 617 3772 sibi
640 3719 719 3784 nata,
744 3711 818 3771 nihil
841 3729 902 3771 non
924 3718 1040 3789 arroget
1061 3709 1170 3771 armis„

367 3902 416 3951 aut
432 3896 533 3953 famam
553 3913 675 3969 sequere,
694 3904 742 3956 aut
760 3899 813 3956 sibi
830 3900 1021 3956 convenientia
1038 3898 1119 3968 finge.

325 4074 409 4124 Vnam
422 4091 518 4127 onorio.
564 4077 613 4127 175
632 4078 728 4128 adflent
748 4085 934 4148 yrcnrmoticuc
951 4075 1141 4148 Vr'yomieneis,
1164 4074 1302 4129 Marcum·
1323 4074 1369 4124 ad·

254 4161 317 4212 flant
334 4162 438 4232 quidum
456 4163 516 4216 libri
534 4171 588 4216 eius
606 4165 690 4215 adsint
708 4186 723 4228 ς
741 4166 834 4215 adsunt
846 4165 895 4218 Rs
907 4172 995 4215 assunt
1008 4162 1094 4217 ΑΕΗ
1150 4164 1200 4214 193
1218 4163 1371 4214 Homereum

255 4249 384 4304 Bentleiua
401 4249 551 4301 honoratum
568 4251 635 4304 libre

1105 4337 1149 4390 μ’
