3209 5125
682 460 712 518 Q.
731 458 864 510 HORATI
882 460 1003 511 runem

368 618 462 699 gratia
485 620 663 701 nequiquam
686 621 745 682 coit
769 629 798 682 et
821 614 1015 685 rescinditur?
1037 633 1069 685 at
1091 645 1146 687 vos

369 746 420 788 seu
443 726 555 787 calidus
578 727 697 806 sanguis
720 747 771 789 seu
793 749 889 791 rerum
912 730 1031 792 inscitia
1054 740 1143 793 vexat

368 832 512 894 indomita
535 833 646 893 cervice
668 833 753 908 feros,
777 835 953 917 ubicumque
975 836 1106 898 locorum

369 940 479 1014 vivitis,
503 938 617 1019 indigni
640 940 798 1002 fraternum
821 961 953 1022 rumpere
975 943 1087 1017 foedus,

368 1046 498 1126 pascitur
519 1046 550 1107 in
573 1055 702 1109 vestrum
724 1046 851 1109 reditum
873 1048 976 1110 votiva
998 1049 1129 1111 iuvenca.

810 1346 871 1443 IV

411 1577 496 1653 Albi,
520 1586 686 1639 nostrorum
710 1594 878 1639 sermonum
901 1578 1025 1640 candide
1048 1578 1146 1652 iudex,

368 1684 438 1766 quid
461 1703 539 1746 nuno
561 1692 591 1745 te
613 1684 710 1745 dicam
733 1684 827 1746 iacere
853 1684 885 1745 in
906 1684 1025 1765 regione
1044 1684 1185 1747 Pedana?

367 1791 492 1853 scribere
516 1792 594 1873 quod
618 1789 703 1851 Cassi
725 1791 895 1852 Parmensis
917 1791 1060 1872 opuscula
1082 1791 1191 1866 vineat,

367 1918 406 1959 an
428 1898 551 1959 tacitum
573 1897 664 1959 silvas
686 1897 763 1958 inter
784 1907 899 1977 reptare
922 1898 1058 1971 salubris,

368 2013 516 2067 curantem
540 2003 683 2086 quidquid
705 2004 826 2083 dignum
849 2004 982 2083 sapiente
1004 2005 1142 2087 bonoque
1165 2005 1230 2066 est?

367 2131 427 2172 non
450 2120 482 2172 tu
506 2131 610 2191 corpus
633 2130 698 2171 eras
721 2110 786 2171 sine
809 2119 935 2191 pectore.
969 2111 1000 2173 di
1022 2110 1078 2173 tibi
1101 2112 1233 2187 formam,

366 2218 397 2280 di
419 2218 475 2280 tibi
497 2217 618 2280 divitias
641 2218 783 2278 dederunt
805 2226 956 2300 artemque
978 2219 1101 2281 fruendi.

366 2326 437 2407 quid
460 2335 568 2387 voveat
589 2324 668 2385 dulci
692 2324 839 2387 nutricula
859 2325 955 2387 maius
977 2325 1119 2387 alumno?

368 2432 419 2515 qui
441 2450 543 2511 sapere
566 2440 595 2492 et
617 2430 671 2493 fari
693 2431 789 2511 possit
813 2450 887 2513 quae
910 2430 1029 2506 sentiat,
1052 2440 1082 2493 et
1106 2431 1157 2513 qui

366 2538 461 2620 gratia
482 2538 560 2600 fama
582 2537 719 2600 valetudo
744 2538 896 2619 contingat
918 2540 1034 2602 abunde

367 2655 396 2707 et
418 2647 523 2708 domus
546 2653 575 2706 et
597 2645 701 2719 victus
726 2664 786 2705 non
810 2644 961 2707 deficiente
984 2665 1129 2708 crumena.

365 2753 443 2814 inter
465 2771 547 2832 spem
570 2771 735 2834 curamque,
759 2752 880 2813 timores
902 2752 979 2814 inter
1001 2763 1031 2814 et
1052 2753 1112 2815 ires

367 2878 484 2922 omnem
507 2861 590 2921 crede
613 2859 691 2921 diem
712 2859 769 2921 tibi
792 2858 935 2920 diluxisse
957 2879 1139 2939 supremum:

366 2976 449 3046 grata
472 2966 657 3046 superveniet
679 2985 754 3048 quae
777 2985 838 3027 non
860 2967 1025 3046 sperabitur
1046 2968 1127 3029 hora.

366 3094 413 3135 me
435 3073 573 3154 pinguem
595 3082 625 3134 et
647 3072 772 3135 nitidum
795 3075 870 3135 bene
893 3082 994 3134 curata
1016 3082 1083 3135 cute
1105 3074 1192 3147 vises,

366 3200 432 3243 cum
454 3180 547 3241 ridere
570 3180 652 3241 voles
675 3179 795 3259 Epicuri
818 3180 855 3240 de
877 3198 962 3259 grege
984 3198 1114 3259 porcum.

814 3460 857 3557 V

412 3693 447 3757 Si
469 3702 553 3773 potes
576 3692 732 3756 Archiacis
755 3693 883 3755 convive
904 3696 1071 3755 recumbere
1098 3692 1182 3754 lectis

366 3820 420 3861 nec
442 3800 559 3862 modica
580 3819 684 3862 cenare
706 3799 792 3861 times
815 3800 902 3861 holus
926 3819 1011 3861 omne
1033 3800 1152 3880 patella,

366 3924 500 3986 supremo
524 3916 553 3969 te
576 3907 751 3982 solemni,
776 3909 934 3988 Torquate,
957 3908 1092 3968 manebo.

366 4013 436 4075 vina
457 4013 542 4075 bibes
564 4013 668 4075 iterum
691 4015 787 4075 Tauro
812 4013 918 4075 diffusa
939 4013 1078 4092 palustris

347 4169 431 4220 Vmus
449 4185 545 4219 nncrro.
581 4169 617 4219 IV
636 4169 652 4220 9
671 4179 697 4220 et
715 4170 757 4235 qui
775 4167 800 4220 R
818 4179 844 4219 et
863 4169 902 4219 cui
919 4168 980 4222 utra
1064 4169 1094 4219 ll
1115 4170 1203 4221 domus
1221 4175 1248 4220 et
1265 4167 1395 4221 Bentler'roe

276 4258 364 4310 modus
383 4269 409 4308 et
429 4257 598 4322 Graeotamw,
621 4257 758 4321 Leidenm‘r,
777 4279 792 4322 ς
810 4258 917 4308 mundun
936 4255 1058 4328 BHb'gor.
